2716 4748
373 721 979 821 ANNOTATIONES

434 956 501 1039 IN
534 955 917 1039 PANTAENUM.

541 1237 802 1270 ψ

200 1429 355 1510 P.3³9.l.
370 1445 400 1496 Β.
423 1441 436 1492 ὃ
457 1442 605 1502 Horruits<
629 1433 654 1493 di
676 1435 743 1510 ἧμῦν
765 1431 862 1514 iaspis]
891 1430 944 1494 De
970 1428 1031 1494 hac
1056 1429 1198 1494 Pantaeni

150 1517 313 1580 sententia
352 1518 410 1600 (ait
437 1517 603 1602 Dupinius
632 1515 817 1581 Ecclesiost.
843 1515 1018 1579 Arctorum
1046 1513 1197 1579 Biblioth.

152 1600 219 1664 vol.
239 1603 265 1665 l.
287 1623 320 1687 p.
345 1617 414 1680 119.
443 1601 494 1667 ed.
520 1604 607 1684 Lat.)
638 1602 762 1687 “apud
784 1600 993 1666 Theodotum
1018 1600 1053 1664 fit
1075 1600 1198 1664 mentio

153 1687 285 1771 “quasi
308 1687 351 1753 ab
373 1708 414 1751 eo
436 1687 574 1773 prolata,
597 1709 661 1751 non
687 1687 840 1773 scripta.'’
885 1684 951 1749 Sed
977 1706 1051 1749 vero
1080 1684 1199 1749 Cavius

153 1769 245 1835 Hirr.
266 1772 334 1836 Lit.
356 1771 390 1836 in
412 1794 502 1852 voce,
523 1772 595 1837 haec
617 1771 759 1838 adducta
778 1793 848 1836 esse
869 1792 908 1836 ex
930 1769 1020 1835 libris
1044 1771 1199 1849 Pantaeni,

152 1854 242 1921 haud
263 1857 357 1922 aliter
377 1870 476 1944 atque
497 1854 692 1937 Halloixius,
713 1857 887 1935 existimat,
910 1878 969 1919 nec
991 1866 1099 1919 tame'n
1123 1860 1200 1921 κατὰ

152 1941 240 2020 λέξιν.
284 1943 396 2042 Atque
419 1943 611 2029 pertinuisse
635 1965 675 2007 sa
696 1942 739 2008 ad
764 1942 906 2007 Pantaeni
929 1942 1199 2007 commentarium

152 2027 318 2112 quendam
339 2051 372 2092 m
394 2028 557 2094 Psalmum
579 2050 700 2094 nonum
720 2026 896 2106 decimum,
916 2026 985 2091 vult
1005 2025 1200 2106 Lardnerus,

151 2132 233 2183 cum
246 2112 357 2179 omnia
370 2137 443 2200 quae
459 2114 546 2200 apud
564 2113 772 2178 Theodotum
791 2123 980 2212 sequuntur,
994 2111 1096 2197 ipsius
1118 2115 1199 2177 Pan-

153 2196 233 2263 taeni
253 2219 323 2262 esse
343 2212 486 2264 censeat.
531 2200 623 2263 Dum
637 2219 711 2262 vero
726 2197 903 2283 Dupinius,
917 2196 993 2260 loco
1008 2218 1106 2282 supra
1120 2196 1199 2262 alla·

153 2293 204 2360 to,
219 2283 325 2347 solum
341 2305 499 2348 canonem
513 2284 554 2348 ad
568 2283 842 2370 interpretandam
857 2283 890 2346 S.
904 2281 1103 2366 scripturam
1119 2303 1199 2347 oon·

152 2366 308 2433 stitutum
329 2369 437 2434 eidem
459 2369 583 2449 tribuit,
605 2368 723 2433 rectius
745 2369 829 2432 hano
851 2366 982 2453 quidem
1005 2389 1074 2430 rem
1088 2367 1202 2442 admi.

154 2452 282 2531 nistret,
295 2455 414 2518 etenim
435 2455 531 2518 verba
553 2476 630 2519 mox
650 2454 733 2518 infra
753 2449 953 2530 collocata&
974 2452 1022 2517 aar
1043 2451 1087 2516 νῦν
1100 2451 1201 2535 'palm

152 2561 201 2618 rar
220 2551 255 2602 et
274 2561 347 2625 quae
368 2553 557 2626 sequuntur,
571 2540 611 2604 ad
632 2538 824 2626 eologistam
848 2537 953 2622 magis
976 2536 1137 2622 pertinere
1155 2537 1202 2602 vi·

152 2621 284 2702 dentur,
301 2646 399 2710 quam
422 2625 462 2688 ad
486 2627 687 2691 Pantaenum.
731 2625 979 2710 Hermogenem
1000 2635 1121 2701 autem,
1143 2622 1209 2712 qui·

152 2707 209 2773 hie
230 2723 516 2788 commemoratur,
533 2709 778 2776 haeresiarcham
798 2709 909 2787 fuisse,
929 2706 1080 2774 adversus
1100 2730 1199 2796 quem

152 2792 352 2880 scripserunt
370 2795 572 2881 Theophilus
587 2795 826 2874 Antiochenus,
842 2794 1012 2879 Origenes,
1026 2794 1201 2866 Tertullia-

152 2899 228 2958 nus,
241 2879 371 2968 aliique,
393 2879 513 2956 notavit
533 2881 717 2946 Helloixius
737 2881 769 2944 in
790 2879 874 2944 Vitis
889 2881 1023 2943 Petrum
1045 2878 1199 2951 Orieatol.

152 2975 236 3027 tom.
250 2964 283 3028 ii.
306 2986 338 3050 p.
355 2979 424 3030 851.
447 2966 503 3052 qui
525 2969 622 3031 etiarn
646 2966 801 3044 ostendit,
824 2963 1068 3036 Theodoretum
1093 2965 1134 3029 de
1158 2988 1207 3036 eo.

217 3070 252 3113 re
265 3048 323 3113 lib.
339 3052 366 3114 Ι.
384 3051 509 3117 Hoeret.
526 3051 601 3116 Fal.
618 3073 689 3137 cap.
704 3066 752 3129 19.
768 3051 825 3120 ubi
849 3047 1068 3134 Hermogenis
1089 3051 1199 3134 opinio

153 3132 161 3149 '
189 3155 209 3199 a
224 3133 265 3198 de
279 3155 414 3220 corpore
431 3135 553 3200 Christi
567 3135 653 3221 apud
668 3136 771 3205 solem
791 3135 854 3199 sito
874 3147 1068 3199 recensetur.
1113 3136 1198 3209 Qure

178 3217 286 3284 uidem
305 3221 428 3305 opinio,
448 3241 595 3285 sermone
616 3221 667 3287 vix
688 3222 807 3292 Graeco
828 3219 892 3291 hoo
910 3217 1105 3305 Eulogarum
1123 3219 1198 3294 loco

152 3367 155 3373 ,
219 3317 263 3382 ta,
277 3306 391 3369 orienti
405 3305 562 3391 originem
579 3327 675 3370 suum
689 3305 796 3370 debet.

199 3387 364 3455 Caeterum
379 3391 570 3456 Anastasius
594 3391 716 3456 Sinaita
737 3393 770 3458 iu
793 3389 922 3454 duobus
943 3390 1025 3456 locis
1047 3413 1143 3479 supra
1157 3393 1198 3463 ad

152 3475 280 3539 Parum
304 3477 499 3562 Fragmenta
517 3476 677 3556 adductis,
699 3476 770 3542 vide
789 3497 890 3562 pagg.
914 3491 961 3554 15,
982 3489 1016 3540 et
1038 3484 1084 3541 16.
1115 3480 1198 3543 Pan·

151 3573 277 3635 tenum
291 3581 367 3625 cum
382 3561 451 3626 aliis
465 3562 674 3648 scriptoribus
698 3561 845 3633 'unctum
862 3562 1128 3628 commemoravit
1142 3564 1199 3652 qui

151 3658 262 3710 totum
282 3666 365 3731 opus
388 3668 443 3713 sex
462 3645 601 3727 dierum,
617 3670 674 3713 seu
730 3668 933 3725 exaemeron,
948 3646 1199 3750 paradisumque

151 3729 195 3794 de
212 3729 344 3795 Christo
356 3741 389 3795 et
400 3731 536 3796 ecclesia
550 3733 790 3811 intellexerunt3
806 3731 947 3831 indeque
961 3732 1081 3798 librum
1096 3757 1196 3820 senp-

149 3814 233 3879 sisse
248 3816 436 3887 Pantaenum
455 3817 489 3881 in
508 3817 615 3904 ipsum
631 3820 858 3883 Hexaemeron
879 3817 940 3881 srbi
961 3819 1096 3905 collegit
1111 3821 1196 3886 Hal·

150 3899 280 3980 loixius,
295 3902 352 3966 sed
365 3903 473 3966 minus
488 3902 589 3981 firme,
605 3904 730 3990 opinor.
760 3902 910 3989 Denique
925 3904 1091 3987 Maximus
1105 3908 1196 3970 Proe.

141 3983 275 4072 satione
296 3985 329 4049 in
354 3985 456 4071 Opera
475 3986 508 4050 S.
528 3987 680 4074 Dionysio
700 3987 815 4138 Arepp.
837 3987 973 4073 ascripta
996 3990 1196 4057 mentionem

150 4070 232 4136 fecit
245 4071 440 4157 scriptorum
456 4074 609 4138 Pantaeni.
630 4095 663 4159 p.
676 4079 727 4138 36.
792 4072 841 4138 id.
853 4094 949 4158 supra
962 4072 1073 4147 locum
1088 4077 1120 4143 in
1136 4098 1196 4140 no.

151 4155 194 4228 tis
209 4155 253 4220 ad
268 4157 301 4220 S.
316 4157 620 4239 Arounrrraunu,
636 4179 667 4243 p.
684 4165 753 4222 156.

197 4241 283 4315 ibid.
304 4242 420 4341 ἀοςίςως
435 4247 483 4322 τὴν
496 4243 669 4331 προφητείαν
690 4241 889 4331 1κφ1ρε11]Ε11
909 4243 960 4315 his
980 4245 1090 4333 itaque
1106 4259 1196 4334 patet

649 4350 670 4395 z
682 4343 701 4396 3
