2716 4748
247 343 300 411 m
321 338 536 411 smuonas
558 341 683 409 arun
706 337 946 410 mausum.
1067 342 1107 428 ⁶5

80 522 200 600 gent03
221 512 363 601 quamvis
388 525 478 578 vetus
501 514 659 600 Interpres
679 512 721 574 ἀεὶ
742 511 829 577 haud
846 509 970 598 legerit.
1006 509 1108 576 Gas-

77 616 190 667 mus.

129 684 165 746 P.
176 693 227 758 57.
240 681 263 746 l.
276 697 323 746 10.
337 682 483 768 δυνάμεως]
498 684 573 746 Post
587 681 669 747 hanc
678 703 789 746 vocem
800 681 967 767 irrepserat
980 681 1110 767 ἐγχειρῆ-
1201 676 1204 683 ’

82 793 167 851 ματα
180 767 275 831 veteri
288 768 451 854 interpreti
463 769 624 855 ignotum,
636 766 724 853 quod
738 766 907 831 delendum
918 778 1112 831 monuerunt

86 851 226 917 Grabius
241 864 274 916 et
287 852 483 933 Massuetus,
498 852 648 939 quodque
661 864 735 917 ante
748 852 865 916 fecerat
879 850 1076 917 Pearsonius.

129 936 215 1000 Ibid.
235 938 373 1021 Ἀζαζὴλ]
389 938 535 1024 Angelus
556 938 660 1002 malus
683 950 742 1016 est,
758 936 850 1024 cujus
864 935 985 1000 mentio
1005 936 1051 1014 fit,
1066 936 1112 1002 ait

87 1020 239 1100 Grabius,
248 1021 280 1084 in
292 1021 474 1108 Paraphrasi
484 1022 656 1087 Chaldaica
664 1024 681 1087 J
685 1021 835 1086 onathani
845 1021 943 1119 vulgo
955 1020 1114 1119 adscripta

88 1106 131 1170 ad
147 1106 263 1170 Genes.
275 1106 314 1168 vi.
327 1121 356 1170 5.
379 1108 418 1172 In
438 1108 520 1172 libro
540 1107 666 1172 Enochi
686 1107 829 1172 decimus
843 1106 954 1170 ordine
966 1119 1049 1170 mter
1062 1129 1114 1173 xx.

87 1191 196 1277 lapsos
221 1202 427 1256 memoratur.
467 1194 520 1258 De
542 1193 606 1257 hoc
628 1192 719 1278 plura
747 1192 943 1256 somniarunt
968 1191 1114 1262 Rabbini.

88 1276 181 1362 Lege
201 1275 244 1340 sis
261 1276 453 1362 Agrippam,
471 1277 527 1341 lib.
543 1276 576 1341 ii.
599 1277 639 1340 de
657 1277 784 1342 Occult.
806 1277 923 1341 Philos.
965 1277 1116 1341 Reuchli-

89 1382 169 1425 num
191 1360 246 1424 lib.
265 1361 310 1424 iii.
333 1362 386 1434 De
406 1363 488 1426 Arte
513 1361 716 1440 Cabalistica,
739 1373 774 1426 et
794 1362 922 1448 Moynii
946 1363 1051 1426 Notas
1074 1362 1117 1427 ad

88 1445 245 1513 Barnabae
256 1446 432 1531 Epistulam
447 1468 522 1533 pag.
534 1453 603 1513 648.
616 1459 648 1511 et
659 1468 745 1534 seqq.
768 1448 964 1512 Massusr.
980 1468 1019 1510 ex
1034 1449 1117 1511 Gra-

89 1530 147 1597 bio
162 1541 196 1593 et
209 1529 428 1595 Feusrdentio.

136 1613 218 1678 Ibid.
233 1614 256 1679 l.
269 1630 314 1681 ll,
336 1614 459 1681 ἀντιθέου
469 1613 659 1702 πανουργίας]
674 1615 860 1680 pearsonius
876 1616 908 1680 V
906 1614 997 1679 indic.
1011 1617 1118 1715 Ignut.

92 1698 151 1764 ubi
166 1720 271 1798 supra,
283 1720 315 1785 p.
324 1715 373 1779 98.
396 1701 567 1765 “Divinus
590 1700 642 1764 ille
663 1722 758 1765 senex
777 1701 927 1765 Marcum
942 1700 1119 1766 descrrbere

90 1790 117 1824 ⁴‘
131 1782 242 1863 volmt,
256 1797 410 1872 tanquam
422 1784 615 1851 Antichristi
627 1807 867 1873 praecursorem‚
884 1781 971 1875 quod
986 1785 1039 1854 hic
1054 1787 1120 1873 sig·

92 1874 116 1913 “
130 1868 238 1940 nificat
250 1868 371 1948 ἀντίθεος
386 1870 578 1959 ωανουργία.”
