2716 4748
356 302 408 368 IN
429 302 463 366 S.
486 298 789 366 SERAPIONEM.
1023 315 1088 387 479

10 482 20 525 Ι
47 469 236 541 'divinorum
260 473 473 540 Deetetorutn
497 477 570 558 '‘dap.
594 483 640 546 12,
686 469 795 558 Hujus
820 476 915 535 seete
939 466 1088 558 princeps

10 576 18 609 ¹
56 561 121 626 fuit
133 560 239 626 Julius
256 559 437 636 Cassianus,
452 573 489 622 ut
503 556 598 622 docet
615 555 765 620 Clemens
785 557 816 622 in
836 558 890 621 lib.
905 557 948 621 iii.
970 557 1024 622 De
1040 557 1089 622 hie

57 645 251 712 Methodius
267 645 298 709 in
314 643 456 709 convivio
471 665 547 731 pag.
564 658 628 707 ΗΟ.
647 645 682 717 ὥς
701 648 715 705 ὁ
737 647 858 727 deprende
878 644 926 706 nai
944 648 967 706 oi
984 644 1090 720 δοκῆσι

10 744 15 783 t
57 735 140 796 αὐτὸν
154 731 350 817 ἄποΦῃνίιμενω
364 729 525 811 erepentium.
562 729 719 793 Eusebius
733 729 764 792 in
779 728 862 793 libro
879 731 905 791 l.
920 727 961 793 de
977 729 1090 792 Eccle-

10 834 12 857 ⁵
55 817 185 886 sintina
205 816 307 882 Tlt'eol
356 815 387 878 ia
407 837 477 900 cap.
492 830 522 890 7.
547 815 765 902 Hieronymus
787 815 820 878 in
842 824 939 900 caput
954 813 975 878 i.
995 829 1028 878 et
1048 814 1099 879 iv,

56 901 211 987 Epistola
227 901 267 965 od
283 837 425 963 Giriatas.
461 899 633 984 Snlrepont
656 903 710 964 troc
732 898 795 964 loeo
817 911 928 964 ceteroe
949 899 1091 979 lteeresee,

54 1008 132 1074 (μω
145 985 329 1070 putatiuorn
356 983 473 1050 Clerirti
499 1007 620 1048 curnem
645 985 846 1063 vindicantes,
872 985 976 1050 Deum
1000 984 1092 1051 aient

56 1071 218 1221 {hristum
232 1093 306 1147 esre,
321 1092 380 1135 non
394 1069 556 1134 nominem.
593 1071 789 1155 Hujustnodi
805 1071 971 1136 ltaeretieos
984 1070 1093 1135 latitti

84 1156 349 1226 haninsrnatarios
371 1171 523 1221 vocarunt
546 1169 627 1221 teste
650 1156 831 1222 Prudentio.
872 1158 1094 1243 Hieronymus

26 1252 28 1257 ’
55 1242 211 1328 ineuput
228 1242 269 1306 vi.
291 1242 443 1329 Epistolae
466 1242 507 1306 ad
529 1242 660 1305 Galatas
682 1241 854 1305 Tatianutn
877 1243 973 1328 hujus
995 1253 1093 1308 sectae

55 1327 162 1414 lacere
183 1328 306 1393 videtur
324 1342 501 1393 auctorem.
535 1327 702 1404 -Totiunns,
717 1327 832 1413 inquit,
849 1326 904 1425 qni
915 1328 1094 1411 putativum
1113 1390 1115 1394 ⁴

53 1412 180 1479 'Cirrisli
201 1428 322 1478 carnem
345 1413 550 1489 introducent,
573 1422 690 1477 omnem
710 1414 948 1497 conjunctionem
963 1414 1095 1478 nassutti

53 1490 101 1564 ''ed
112 1497 273 1584 fintinorn
296 1499 489 1565 irnnrnndonr
514 1497 698 1578 arbitratae,
721 1501 780 1563 &e
819 1497 964 1584 Sumpsit
986 1510 1095 1564 autem

43 1584 141 1651 h'ane
160 1583 317 1671 'loquendi
338 1585 476 1651 formam
505 1586 724 1673 Hieronymus
744 1607 785 1648 ex
805 1584 1015 1664 Tertulliano,
1038 1585 1113 1672 qui,

53 1669 149 1760 initio
169 1671 241 1734 libri
260 1671 301 1735 de
321 1693 415 1736 carne
428 1671 553 1737 Christi
571 1671 616 1735 ita
635 1671 734 1736 dicit:
765 1670 826 1735 Sed
845 1681 876 1734 et
897 1670 952 1768 qni
972 1692 1096 1735 curnem

54 1756 177 1820 Generi
188 1756 368 1840 pietativum
383 1756 569 1835 introduxit,
584 1776 676 1845 oeqne
690 1756 795 1843 potnit
805 1756 1007 1820 'stationalem
1021 1778 1097 1842 qno-

50 1848 117 1928 que
132 1840 322 1927 piontusmn
334 1841 519 1930 confingere,
534 1855 568 1906 at
585 1855 615 1907 et
630 1850 791 1928 conentur
813 1854 842 1907 et
860 1853 1048 1929 proegnotus
1064 1851 1096 1906 et

46 1926 166 2018 {portus
178 1926 312 2076 sippini's
326 1940 355 1994 et
371 1928 469 2014 ipsius
481 1929 592 1994 exinde
609 1928 743 2015 insontis
759 1928 841 2007 ordo,
855 1931 887 1992 τὸ
902 1931 986 1991 δοκεῖν
1002 1926 1095 1992 tote-

48 2023 173 2078 rentnr.
244 2015 332 2079 ieron
359 2036 430 2079 mus
450 2015 600 2080 adversus
614 2015 773 2079 Joannem
789 2015 920 2078 Hieros.
936 2035 1013 2098 pag.
1025 2026 1097 2078 ads.
1120 2049 1124 2057 ·

50 2098 90 2156 'et
109 2098 185 2155 ante
206 2088 298 2153 illum
351 2089 475 2174 rigenes
495 2099 528 2153 in
548 2098 786 2156 commentariis
808 2097 964 2177 Epistoloe
979 2099 1020 2160 ad
1040 2099 1098 2162 Ti-

48 2184 141 2260 tum,
155 2190 192 2240 ut
207 2173 343 2240 refertur
362 2174 636 2260 inApologet'ieo
659 2177 827 2261 Pamphili.
864 2177 948 2241 Vide
965 2179 999 2241 P.
1014 2181 1098 2244 Hal-

49 2261 191 2329 ¹lentium
206 2259 239 2324 in
251 2260 316 2324 rita
330 2259 520 2343 Serapionis.
536 2262 743 2326 Vtuasrus.
766 2261 820 2327 Ad
833 2261 1000 2327 lulianum
1016 2263 1099 2329 Cns-

49 2348 182 2414 nianutn
196 2345 289 2434 quod
304 2345 429 2422 attinet,
443 2345 601 2432 quem‘ait
615 2345 766 2412 Clemens
778 2347 891 2412 Alnlv
904 2349 1099 2427 τῆς-δοκῆσιως
1178 2345 1180 2348 ’

51 2431 178 2520 ’ἔξαρχον
192 2432 302 2509 fuisse,
316 2431 544 2518 Valentinique
558 2431 763 2518 discipulum,
779 2433 805 2497 is
825 2434 953 2520 quidem
974 2435 1098 2502 instau-

48 2518 269 2604 ⁴interpotius
282 2539 378 2615 quarn
395 2516 516 2601 primus
532 2517 615 2582 illius
631 2519 759 2583 haeresis
773 2530 897 2598 auctor,
911 2522 1098 2588 statuendus

51 2603 185 2669 ridetur
207 2603 320 2689 lttigro
341 2603 374 2666 in
387 2602 531 2667 ··Dissert.
553 2603 591 2667 de
614 2603 824 2669 Hoeresinrrlt.
843 2619 922 2670 sect.
935 2607 968 2670 ii.
982 2629 1097 2693 cap-x.

54 2699 91 2779 p.
108 2704 173 2768 19³.
209 2689 272 2752 Sed
288 2688 348 2752 hac
364 2710 398 2752 re
413 2690 520 2765 missa,
533 2711 554 2752 n
568 2690 687 2753 Valesii
707 2691 850 2776 partibus
872 2691 979 2756 locum
1004 2693 1098 2758 Sera·

50 2775 175 2862 pionis,
187 2784 283 2860 prout
297 2773 413 2850 vidisti,
426 2775 663 2860 interpretantis
676 2790 761 2840 stare
775 2777 890 2863 opinor
904 2789 1098 2845 structuram

51 2860 239 2937 ternorum,
260 2859 322 2924 etsi
343 2859 435 2924 aliter
456 2859 648 2925 Dodwellus
670 2884 781 2926 vocem
797 2863 975 2950 χρησάμενοι
991 2864 1097 2930 inter·

57 2947 245 3032 pietantiam
267 2968 337 3009 esse
359 2946 494 3022 doceat;
520 2945 723 3032 “xpnooiprrn
746 2947 767 3011 i.
782 2970 811 3011 e.
832 2947 934 3036 χρείας
956 2953 1097 3032 (senten-

58 3037 81 3070 “
95 3031 169 3111 tias)
183 3045 377 3116 excerpentes
392 3031 474 3096 tttnd
486 3031 681 3120 ettongelium
693 3033 851 3118 potuimus
863 3057 1020 3100 ertnrrore.
1042 3037 1098 3102 sio

58 3121 82 3155 “
96 3117 181 3181 enim
206 3119 317 3182 locus''
339 3118 456 3216 (inquit
475 3118 678 3200 Dodwellus)
701 3126 723 3158 “
735 3119 766 3182 ni
790 3119 894 3194 fallor,
915 3119 1015 3184 intell‘
1061 3145 1100 3186 n·

58 3206 86 3240 “'
96 3201 168 3275 dus,
183 3204 267 3267 male
282 3203 402 3288 alioqui
418 3219 568 3288 acceptus
587 3206 628 3267 ab
645 3205 819 3290 interprete
833 3205 997 3270 Valesio.''
1056 3207 1099 3271 it·

57 3286 189 3349 terruit.
204 3286 237 3349 in
254 3289 464 3371 lrenoenm,.§.
476 3289 579 3352 xxxvi.
599 3311 631 3374 p.
643 3297 713 3353 ³64.
749 3290 815 3354 Sed
836 3305 869 3354 et
890 3305 979 3355 vetus
999 3292 1098 3358 inter-

51 3378 132 3455 'p'res
156 3372 289 3437 Rufinus
310 3374 413 3452 vertit,
436 3373 475 3436 ob
498 3372 572 3458 ipsis
594 3374 743 3454 nutanti,
754 3375 928 3462 χρησάμενοι
948 3380 1096 3466 παρ”αὐ-

58 3482 123 3520 των.

89 3542 138 3605 Ῥ.
151 3554 223 3617 471.
243 3543 266 3606 l.
285 3557 330 3606 to.
354 3545 613 3629 nptrtnfanntrn]
633 3545 719 3610 Cum
735 3545 764 3610 vl
783 3547 911 3644 propria
925 3546 1098 3634 ejuseon·

59 3627 236 3725 venientius
258 3629 388 3694 verbum
408 3630 592 3696 vertendum
615 3631 722 3712 fuerit,
738 3632 923 3717 exceptionis
941 3635 1097 3700 notu-dit·

61 3722 171 3776 teneto.

107 3798 189 3862 ibid.
205 3797 290 3864 las.
312 3802 495 3877 Fragmenta,
506 3806 537 3882 p.
558 3789 635 3887 152]
655 3803 767 3868 Quum
789 3801 870 3867 alius
891 3802 1023 3903 quidem
1044 3805 1097 3872 fu·
1196 3843 1203 3852 ·

60 3884 123 3948 erit
141 3885 274 3969 Serapio
292 3903 406 3971 praeter
425 3885 510 3951 hunc
531 3887 783 3966 Antiochenum‚
799 3890 908 3954 saeculr
922 3891 1028 3975 quarti
1046 3891 1098 3956 in·

60 3969 161 4055 signis
179 3971 325 4054 scriptor,
341 3972 425 4035 haud
447 3973 644 4060 distinguere
661 3974 753 4052 licet,
762 3974 825 4039 utri
847 3975 976 4040 illorum
996 3977 1096 4063 ῥήσεις,

61 4078 135 4204 pure
151 4056 181 4119 in
198 4055 328 4120 Catenis
342 4057 475 4157 aliisque
496 4061 528 4122 id
546 4082 651 4146 genus
670 4061 758 4126 libris
774 4061 835 4126 hoc
851 4082 967 4126 nomen
976 4083 1047 4210 pree
1060 4083 1097 4130 se

75 4155 179 4219 erunt,
194 4141 390 4207 ascribendae
407 4161 469 4207 srnt
480 4167 489 4221 3
512 4145 579 4207 imo
602 4146 688 4210 haud
709 4159 845 4227 constat,
860 4170 900 4211 an
919 4146 974 4233 qui
999 4170 1096 4235 quam

61 4222 96 4292 in
108 4226 223 4293 iisdem
237 4226 279 4293 ad
292 4227 498 4296 vetustiorem
513 4230 607 4297 huno·
615 4232 822 4320 Serapionem
836 4232 1006 4321 pertineat.
