2716 4748
440 619 780 755 Mnnr‘ro.

474 954 746 996 ...φ’-.-

165 1157 203 1230 s.
223 1110 503 1248 nummus,
522 1158 607 1232 Lu.
623 1159 687 1230 oe
708 1157 815 1231 roro
832 1155 1056 1247 illustrans,

450 1307 529 1378 cap.
543 1281 641 1354 xxiv.
659 1307 696 1380 p.
711 1293 772 1371 93.
1131 1278 1142 1288 ”

85 1453 319 1559 MELITO
344 1486 515 1577 Asianus,
538 1488 728 1587 Sardensis
753 1486 971 1585 Episcopus,
995 1480 1132 1556 librum

87 1607 309 1706 Imperatori
328 1608 406 1682 ειΜ.
419 1610 611 1682 Antonino
621 1611 730 1699 Vere,
744 1609 807 1706 qui
826 1606 1023 1680 Frontonis
1042 1606 1135 1684 Ora·

87 1732 181 1804 toris
197 1731 398 1831 discipulus
415 1732 497 1822 fuit,
515 1759 582 1830 pro
599 1732 808 1805 Christiano
831 1730 1002 1828 dogmate
1019 1725 1134 1802 dedit.

88 1855 248 1952 Scripsit
269 1879 416 1951 quoque
438 1867 476 1926 et
501 1855 583 1945 alia,
606 1853 652 1926 de
676 1854 810 1951 quibus
833 1853 903 1926 ista
927 1864 1025 1941 sunt,
1051 1876 1134 1948 quae

89 1972 325 2069 subjecimus.
376 1973 437 2046 De
454 1975 590 2073 pascha
607 1975 717 2047 libros
741 1974 857 2047 duos:
885 1973 930 2046 de
954 1973 1028 2045 vita
1051 1998 1137 2070 pro-

87 2095 287 2193 phetarum
304 2096 440 2168 librum
454 2121 588 2169 unum:
613 2095 659 2167 de
676 2094 828 2167 ecclesia
845 2095 981 2166 librum
1000 2118 1135 2164 unum:

90 2218 139 2291 de
155 2217 216 2290 die
232 2208 433 2290 Dominiea
450 2218 586 2290 librum
605 2244 743 2290 unum:
763 2217 808 2290 de
822 2217 987 2289 sensibus
998 2216 1135 2288 librum

90 2364 233 2412 unum:
262 2338 308 2411 de
325 2337 399 2411 fide
416 2339 551 2411 librum
571 2365 711 2411 unum:
740 2337 786 2410 de
802 2337 980 2435 plasmate
997 2336 1134 2407 librum

28 2536 31 2541 ,
90 2486 228 2533 unum:
246 2460 294 2533 de
310 2459 433 2532 anima
449 2472 487 2532 et
503 2486 654 2559 corpore
671 2458 808 2531 librum
826 2484 959 2530 uuum:
984 2456 1030 2529 de
1047 2458 1137 2554 bap-

90 2584 242 2656 tismate
263 2583 400 2656 librum
423 2609 564 2656 unum:
595 2581 641 2654 de
663 2581 813 2654 veritate
836 2581 972 2652 librum
995 2606 1135 2653 unum:

91 2704 140 2778 de
162 2704 397 2803 generatione
419 2703 557 2777 Christi
581 2704 717 2776 librum
740 2729 880 2776 unum:
910 2702 998 2799 (vid.
1022 2702 1137 2799 infra)

89 2826 169 2899 bde
195 2828 389 2926 prophetia
415 2854 480 2900 sua
507 2828 643 2900 librum
678 2854 817 2901 unum:
850 2826 895 2898 de
924 2827 1138 2926 philoxenia

92 2952 230 3024 librum
247 2977 388 3036 unum;
418 2963 456 3023 et
478 2952 591 3025 aliurn
614 2952 762 3042 librum,
781 2953 844 3050 qui
863 2954 985 3026 Clavis
1008 2953 1138 3026 inscri-

91 3073 214 3144 bitur:
238 3072 285 3144 de
302 3072 448 3145 diabolo
465 3074 600 3146 librum
618 3100 757 3147 unum:
782 3074 827 3146 de
845 3074 1053 3172 apocalypsi
1070 3074 1138 3146 Jo-

92 3195 201 3268 annls
231 3195 368 3268 librum
403 3222 548 3268 unum:
586 3198 655 3297 trapi
688 3201 856 3290 ἔνσωμοὶτου
890 3201 965 3270 Θεοῦ
999 3197 1136 3269 librum

92 3343 238 3389 unum:
277 3329 315 3389 et
343 3321 472 3412 ἔκλογῶν
501 3318 613 3391 libros
643 3344 717 3390 sex.
770 3318 893 3412 Hujus
922 3319 1067 3417 elegans
1099 3333 1138 3391 et

93 3436 398 3511 declamatorium
415 3439 607 3537 ingenium
630 3438 782 3511 laudans
807 3438 1055 3511 Tertullianus
1072 3451 1086 3484 ⁰
1097 3438 1137 3512 in

93 3574 236 3660 septem
254 3562 369 3652 libris,
387 3589 479 3660 quos
505 3563 650 3662 scripsit
671 3561 840 3635 adversus
862 3561 1049 3633 ecclesiam
1069 3586 1137 3658 pro
1215 3578 1225 3601 ²

94 3685 293 3776 Montano,
310 3684 401 3757 dicit
417 3711 503 3758 eum
520 3712 542 3757 a
558 3684 740 3784 plerisque
757 3696 964 3756 nostrorum
981 3685 1137 3782 prophe·

94 3819 172 3880 tam
189 3807 323 3908 putari.

140 4015 153 4044 ⁸
172 4006 291 4064 Marcus
305 4005 439 4063 Aurelius
454 4004 620 4062 Antoninus
638 4003 741 4072 Verus,
760 4005 809 4080 qui
827 4006 979 4063 Antonino
998 4005 1051 4062 Pio
1073 4023 1136 4062 suc-

94 4120 224 4170 cesserat
237 4129 285 4168 an.
299 4110 409 4168 Christi
426 4109 492 4166 161,
507 4126 625 4184 regnare
639 4109 723 4165 desiit
736 4128 781 4166 au.
801 4109 864 4165 180.
