2716 4748
184 840 190 844 ⁵
272 642 876 803 iooorr'rronos

336 969 399 1048 IN
427 961 807 1091 POLYCRATEM.

445 1265 689 1296 *αις-ν·-

102 1476 137 1540 Ρ.
148 1481 217 1557 269.
230 1477 255 1542 l.
268 1488 299 1554 7.
320 1479 421 1561 Ἡμεῖς
436 1478 479 1543 οὖν
493 1475 692 1565 ἀραδνέργητον
707 1477 812 1563 ἄγομεν
825 1482 873 1557 τὴν
889 1476 1000 1566 ἡμέραν,
1012 1479 1085 1567 &c.]

56 1561 251 1649 fragmento
264 1565 420 1652 praemisit
435 1563 604 1644 Eusebius,
617 1586 690 1652 quae
705 1565 758 1630 hic
771 1578 957 1652 sequuntur.
985 1571 1048 1641 Τῶν
1063 1569 1090 1641 δὲ

55 1649 100 1713 hri
111 1655 159 1726 τῆς
171 1649 272 1724 Ἀσίας
283 1650 435 1714 ἐπισκόπων
444 1653 477 1715 τὸ
487 1650 576 1729 asinar
590 1649 716 1736 πρότερον
728 1654 819 1726 αὐτοῖς
832 1652 986 1737 παραδοθὲν
996 1654 1090 1734 διαφο-

55 1734 161 1800 thiar
175 1735 235 1810 ἔθος
245 1742 347 1821 χρῆναρ
361 1735 591 1823 δνῖχορνζομέναν,
605 1742 697 1823 ἡγεῖτο
716 1736 909 1823 Πολυκράτης·
932 1735 959 1812 ὃς
973 1738 1021 1800 καὶ
1036 1742 1089 1802 αὖ·

54 1821 103 1895 τὸς
122 1824 149 1884 ἐν
167 1818 184 1907 ᾗ
201 1824 276 1910 πρὸς
298 1821 421 1908 Βίατορα
444 1824 491 1887 καὶ
511 1826 558 1902 τὴν
576 1822 719 1904 Ῥωμαίων
737 1822 887 1901 ἐκκλησίαν
905 1823 1090 1888 δοετοπώσατο

54 1911 162 1993 γραφῇ,
182 1911 230 1984 τὴν
255 1912 290 1982 εἰς
311 1909 392 1971 αὑτὸν
414 1911 551 1973 ἐλθοῦσαν
572 1909 731 1996 παράδοσιν
753 1907 890 1989 turben
910 1910 955 1972 δνσὶ
977 1911 1091 1976 τούτων.

52 1991 203 2060 ἨΜΕΙΣ
219 1992 263 2057 οὖν
276 1993 475 2081 ἂραδνέςγησον
492 1995 552 2058 Soc.
583 1993 746 2080 Episcopis
759 2018 828 2059 vero
843 1993 945 2073 Asine,
959 1994 1014 2082 qttt'
1027 2017 1093 2061 mo·

54 2099 122 2143 ram
134 2077 195 2143 siti
209 2101 229 2143 o
242 2078 410 2165 majoritas
424 2080 576 2144 traditam
590 2079 783 2145 retinendam
804 2103 867 2144 esse
888 2081 1001 2148 acriter
1021 2103 1091 2151 con.-

53 2163 232 2244 tendebant,
250 2164 429 2252 Polycrates
447 2176 597 2251 praeerat.
638 2165 700 2252 ρον
716 2165 840 2253 qnidam
855 2168 888 2230 in
907 2189 944 2230 ea
962 2166 1093 2252 epistola

54 2271 154 2336 qaam
168 2250 382 2315 ad·Victorem
400 2261 431 2314 et
451 2252 493 2315 ad
511 2252 662 2319 Romanos
682 2251 766 2317 artis
785 2251 942 2316 ecclesiam
957 2251 1091 2337 scripsit,

55 2336 257 2399 traditionem
270 2336 312 2400 ad
326 2359 383 2400 sna
401 2358 497 2424 nsque
520 2349 658 2422 tempora
676 2347 884 2424 propagatam
903 2338 1028 2424 exponit
1044 2337 1091 2410 bis

56 2419 166 2485 verbis.
209 2422 299 2487 NOS
315 2422 414 2508 igitur
428 2445 536 2488 verum
550 2445 586 2508 ac
600 2422 776 2510 genuinam
794 2422 854 2486 &e

102 2506 185 2572 lbid.
206 2507 406 2594 ἁραδνέργητον
421 2507 527 2592 ἄγομεν
540 2513 587 2586 τὴν
600 2507 714 2595 ἡμέραν]
737 2505 966 2596 Ἀραδνέργητον,
980 2531 1091 2582 vocem

56 2590 166 2659 lexicis
181 2606 215 2658 et
228 2593 390 2680 glossariis
406 2594 563 2680 ignotam,
580 2594 713 2659 Rufinus
726 2607 815 2659 vetus
829 2594 984 2680 interpres
1000 2597 1093 2674 vertit

56 2677 284 2759 intemeratam,
303 2693 337 2744 et
350 2680 510 2759 Valesius,
526 2679 692 2768 quomodo
710 2680 807 2745 vides.
851 2681 984 2746 Habent
1005 2683 1089 2749 enim

59 2763 164 2829 GlaSS.
186 2765 250 2829 Ver.
271 2764 431 2853 ραδονργῖα,
440 2765 578 2851 falsam,
596 2778 629 2831 et
645 2768 801 2854 ραὸοεργὸς,
812 2764 983 2853 falsarim.
1019 2769 1091 2835 Do·

55 2850 125 2915 cuit
149 2851 271 2916 interea
289 2851 349 2914 cel.
376 2852 580 2915 Moshemius
603 2852 634 2915 in
660 2851 894 2918 Commentariis
917 2853 968 2918 De
992 2853 1091 2920 Rebas

58 2934 305 3003 caristiam-no
328 2947 400 3000 ante
425 2937 583 3001 Constant.
603 2939 654 3000 M.
671 2939 760 3002 Saec.
782 2937 814 3002 ii.
841 2937 871 3023 §
895 2951 945 3013 71.
969 2962 1091 3026 magno

55 3036 198 3087 versatos
222 3032 292 3087 esse
317 3044 422 3099 errore
452 3023 642 3087 recentiores
672 3024 852 3109 scriptores,
878 3025 933 3110 qui
959 3025 1026 3089 fere
1049 3025 1091 3092 ad

56 3125 168 3172 nonna
180 3102 489 3211 ornnei‘iipinantur,
504 3108 665 3173 Asiaticos
683 3109 881 3174 Christianos
895 3108 970 3174 ideo
984 3132 1003 3173 s
1017 3110 1091 3175 reli·

55 3193 129 3278 quis
151 3193 370 3278 reprehensos,
384 3195 472 3280 quod
494 3195 580 3259 diem
602 3195 767 3258 memoriae
789 3195 963 3258 Servatoris
985 3217 1089 3260 resur·

54 3279 311 3363 gentis'sacrum
341 3281 456 3343 eodem
486 3292 631 3366 ternpore
660 3280 867 3357 celebrarent,
895 3302 960 3366 quo
984 3281 1090 3352 Judaei

55 3363 282 3450 pascha‘suum
299 3387 393 3450 agere
409 3365 566 3444 solerent3
589 3387 663 3430 cum
685 3386 789 3430 revers
811 3366 976 3432 ob'ectum
994 3367 1092 3445 fuerit

55 3471 75 3517 a
97 3449 234 3528 caeteris,
253 3451 371 3535 pascito
390 3451 462 3515 illos
484 3452 599 3537 egisse,
621 3451 685 3516 hoc
706 3463 765 3529 est,
786 3473 827 3536 ep
864 3472 918 3514 um
940 3452 1091 3537 paschale

54 3535 244 3614 celebrasse,
257 3536 341 3601 haud
355 3558 446 3601 secus
459 3558 497 3601 ac
507 3539 528 3601 J
530 3536 651 3615 udaeos,
660 3552 774 3623 quarta
788 3536 912 3601 decima
924 3537 1011 3617 luna,
1024 3561 1090 3615 non

56 3635 152 3686 nocte
171 3622 408 3686 resurrectionis
428 3623 574 3701 Domini,
596 3635 693 3708 atque
713 3621 794 3686 adeo
814 3622 954 3703 solvisse,
969 3646 1026 3690 seu
1040 3626 1090 3693 in-
1119 3687 1123 3695 .

55 3707 227 3792 terrupisse
248 3708 378 3772 solenne
395 3708 566 3794 jejunium.
609 3710 764 3776 Attamen
784 3708 858 3773 hinc
878 3708 1000 3779 factum
1019 3733 1091 3778 esse

55 3793 112 3872 ait,
129 3793 247 3856 festum
266 3793 338 3857 illos
353 3795 591 3859 resurrectionis
607 3794 728 3859 Christi
743 3817 806 3858 non
821 3793 935 3859 eodem
954 3818 1089 3883 semper,

56 3900 122 3965 quo
141 3877 282 3963 reliquos
297 3878 509 3958 Christianos,
525 3881 577 3944 die
598 3880 761 3945 dominico
781 3879 944 3959 nimirum,
963 3883 1019 3946 sed
1040 3881 1089 3948 di-

57 3964 153 4030 versis
171 3963 382 4032 hebdomadae
404 3964 517 4030 diebus
537 3965 725 4044 celebrasse,
743 3965 861 4052 quippe
875 3988 951 4030 cum
966 3966 1091 4033 decima

56 4063 171 4136 quarta
188 4049 276 4128 luna,
291 4064 364 4136 post
378 4073 475 4137 quern
489 4051 574 4122 diem
590 4051 691 4117 biduo
705 4052 868 4138 completo
882 4053 1089 4118 resurrectio·

56 4135 109 4201 nis
125 4135 243 4202 festum
267 4136 416 4222 agebant,
436 4160 500 4202 non
523 4137 555 4209 in
578 4137 716 4204 eundem
739 4136 873 4227 singulis
894 4137 984 4202 annis
1003 4138 1088 4204 diem

57 4215 270 4290 hebdomadae
285 4221 449 4292 incideret.
487 4223 526 4291 In
541 4222 627 4373 hgnc
641 4223 775 4290 modum
793 4223 838 4287 vir
851 4223 1064 4297 doctissimus.

530 4329 551 4375 B
598 4323 615 4375 3
