2716 4748
159 278 220 364 178
340 282 350 291 ’
495 280 857 351 ANNOTATIONES
1050 284 1079 301 ''

109 492 115 501 -
157 451 206 513 nal
223 448 344 513 Παύλου
357 447 502 515 ordinem
523 449 691 517 nominum
706 463 811 518 mutat
826 450 993 538 Georgius
1008 448 1189 539 syncellis

158 532 390 683 Chronogroplt.
404 534 461 599 ubi
475 534 516 599 ad
531 555 565 620 p.
576 550 649 600 341.
665 538 736 603 htec
748 536 901 624 Dionysii
914 535 1065 601 adducit.

201 620 236 683 P.
252 628 319 683 168.
348 666 357 682 .
375 632 421 682 18.
442 620 622 768 Ῥηθεῖσαν]
637 628 817 699 Γιννηθιῖσαν
838 620 970 707 quidem
994 620 1192 687 scribiturln

157 703 324 767 Chronico
347 704 437 767 Geor
461 704 527 767 ‘is
574 727 611 768 ce
624 705 658 770 li.
701 706 766 771 Sed
789 705 891 769 nostri
909 704 1044 769 codices
1067 704 1194 792 Regin,

155 790 247 853 Mas.
262 788 357 851 Med.
374 810 413 851 ac
435 725 520 851 iiuk.
577 790 655 855 bent
668 794 832 877 γιηθιῖσαν
845 811 903 875 per
916 789 1061 876 simplex
1074 814 1101 853 r.
1115 786 1199 877 quod·

155 872 307 959 equidem
323 872 429 957 magis
443 874 558 959 probo.
580 876 790 940 Vaunsrus.
828 878 1011 960 γινηθιῖσαν
1023 895 1088 973 per
1100 873 1197 959 gemi-

154 979 230 1021 nam
245 984 259 1021 ν
273 957 321 1020 ed.
337 956 446 1041 Steph.
464 972 499 1021 et
513 958 644 1042 Nicepli.
680 959 821 1024 Extabat
838 958 941 1023 altera
957 958 1062 1023 leotro
1083 958 1119 1023 in
1139 956 1196 1021 aad.

155 1063 287 1129 quoque
305 1042 409 1106 Venet.
431 1043 602 1106 Srnorrr.
637 1048 898 1120 fontaneticum
920 1042 1067 1189 offici
1086 1068 1102 1107 a
1119 1064 1197 1129 Ρη·

154 1140 219 1191 stat
233 1150 315 1193 unus
330 1126 445 1191 saltem
460 1148 501 1190 ex
513 1126 610 1191 codd.
625 1129 755 1207 nostris,
771 1128 890 1192 MStnr
903 1127 935 1189 B
989 1174 999 1189 .

198 1211 282 1275 lbid.
298 1213 321 1276 l.
331 1226 381 1275 20.
402 1211 597 1296 φυτεύσαντες]
615 1213 778 1298 Georgius
795 1210 965 1299 syncellus
979 1210 1016 1275 in
1030 1209 1198 1277 Chronico

152 1296 252 1362 habet
273 1296 448 1375 φοιτήσαντες
470 1296 599 1359 rectius.
643 1297 709 1360 Sed
730 1314 763 1361 et
785 1296 818 1360 in
843 1295 993 1381 hisquae
1018 1305 1198 1383 sequuntru

153 1382 250 1462 ὁμοίως
264 1384 291 1443 ii
305 1383 327 1467 ’i
340 1387 376 1454 εἷς
389 1386 437 1458 τὴν
449 1381 587 1458 Ἰταλίαν,
599 1381 813 1467 supplendum
827 1394 878 1445 est
891 1380 1087 1462 partiamus.
1117 1380 1197 1445 Sam

153 1466 187 1529 in
214 1465 327 1531 codice
353 1466 456 1551 Regio
479 1480 513 1529 et
533 1465 626 1529 Med.
695 1478 725 1530 st
744 1464 884 1542 Ἰταλίαν,
905 1465 952 1527 vir
1054 1464 1194 1549 ponitur.

152 1552 362 1615 Vnnssrus.
407 1550 593 1615 Secundum
606 1551 639 1615 V
671 1550 729 1613 esii
742 1549 918 1614 versionem
978 1548 1131 1636 ionysius
1149 1546 1195 1613 di·

153 1635 210 1715 cit,
226 1638 355 1701 Petrum
379 1649 412 1700 et
436 1635 568 1699 Paulum
591 1635 705 1699 ambos
726 1634 824 1699 simul
845 1634 952 1719 egisse
974 1631 1146 1713 Corinthi,
1164 1646 1195 1697 et

152 1721 267 1785 ambos
287 1721 321 1785 in
342 1721 467 1785 ltaliam
487 1720 583 1784 simul
596 1719 758 1805 profectos
771 1740 853 1782 esse.
886 1718 952 1781 Sed
965 1732 1005 1782 ut
1018 1716 1112 1783 hunc
1125 1738 1194 1783 seu·

152 1826 225 1869 sum
239 1827 278 1868 ex
291 1806 392 1868 verbis
408 1805 559 1892 Dionysii
573 1804 757 1889 exculperet
768 1802 941 1879 Valesius3
959 1801 1071 1887 primo
1084 1803 1121 1867 in
1133 1802 1197 1889 pri-

152 1890 202 1953 ori
215 1890 363 1954 membro
378 1888 476 1975 hujus
491 1890 658 1953 sententiae
673 1903 786 1953 contra
805 1908 919 1951 omnes
937 1887 1079 1951 Eusebii
1095 1884 1192 1951 codi-

151 1996 217 2053 ces,
232 1988 267 2039 et
279 1973 384 2037 editos
398 1988 431 2036 et
446 1974 593 2059 scriptos,
612 1995 650 2037 ex
671 1974 741 2037 solo
762 1972 915 2060 Syncello
933 1992 996 2056 pro
1012 1970 1194 2055 φυτεῦσαπις

150 2059 234 2145 legit
247 2059 433 2140 φοιτήσαντες,
448 2070 481 2122 et
493 2057 625 2122 eandem
643 2081 754 2123 vocem
768 2059 947 2140 φοιτήσαπες
967 2055 1002 2120 in
1023 2054 1195 2141 posteriori
1207 2058 1212 2067 '

151 2144 302 2208 membro
319 2143 485 2207 sententiae
507 2166 545 2206 su
570 2143 720 2228 piendam
738 2143 844 2206 docet.
884 2143 1012 2206 Vocem
1026 2156 1142 2206 autem
1154 2140 1197 2205 si·

151 2228 220 2293 mol
234 2228 268 2291 in
284 2228 438 2293 Versione
454 2165 699 2292 undeliabuerit
715 2227 836 2305 nescio,
851 2225 912 2289 nisi
926 2227 1013 2289 forte
1027 2247 1048 2289 a
1062 2226 1212 2303 Rufin03.

152 2337 226 2379 nam
249 2336 311 2377 vox
333 2314 429 2395 ὁμοίως
451 2311 538 2376 aliud
562 2312 732 2397 significat,
747 2334 845 2397 quam
868 2312 900 2374 in
922 2310 1029 2395 priore
1044 2308 1211 2374 membro·

151 2400 272 2478 omisit,
293 2399 324 2462 iu
345 2398 514 2484 posteriori
535 2411 625 2461 extra
646 2397 754 2460 locum
774 2418 869 2459 suurn
890 2393 1012 2480 posuit.
1057 2396 1104 2457 Et
1125 2394 1194 2480 qui·

151 2485 225 2548 dem
240 2486 417 2566 pastinantes
430 2505 490 2567 pro
507 2482 688 2564 φυτεύσαντες
702 2502 869 2565 perperam
885 2478 1019 2543 omnino
1033 2491 1070 2542 et
1084 2490 1195 2542 contra

150 2582 294 2655 apertam
316 2568 466 2652 Dionysii
484 2578 626 2630 mentem
642 2565 846 2628 scribendum
862 2585 931 2627 esse
947 2562 1061 2626 voluit.
1106 2564 1194 2627 Nam

151 2653 222 2716 haec
248 2653 402 2716 sententia
427 2651 519 2737 quasi
541 2651 622 2713 ratio
644 2650 742 2734 priori
763 2648 945 2735 subjicitur,
972 2659 1011 2710 ut
1035 2647 1195 2732 particula

150 2742 208 2823 γὰρ
225 2738 309 2799 clare
325 2735 494 2820 significat.
524 2733 612 2797 Prior
628 2747 735 2797 autem
752 2733 908 2796 sententia
922 2731 993 2794 haec
1008 2745 1071 2796 est.
1093 2733 1196 2796 Tatina

151 2823 199 2883 nal
216 2825 290 2901 ὑμεῖς
304 2822 348 2880 διὰ
361 2826 408 2894 τῆς
421 2819 557 2893 τοσαύτης
571 2817 723 2896 νουθεσίας,
737 2823 784 2895 τὴν
799 2819 853 2880 ἀπὸ
867 2817 979 2899 Πέτρου
1002 2817 1051 2879 καὶ
1074 2816 1195 2880 Παύλου

150 2903 263 2986 φυτείαν
294 2907 456 2987 yrun-itiam
490 2901 633 2982 Ῥωμαίων
661 2928 693 2964 τε
722 2901 768 2980 noi
795 2901 949 2988 Κορινθίων
976 2901 1197 2984 oursuspa'toart.

151 2991 260 3074 Quam
285 2987 382 3050 etiam
408 2988 453 3050 sic
474 2986 559 3048 male
580 2986 719 3051 reddidit
732 2987 892 3050 Valesius.
927 2987 982 3048 Ito
1001 2995 1033 3047 et
1056 3000 1196 3048 vos—'-

152 3071 393 3136 commiscuistis
430 3073 479 3134 Ex
500 3071 563 3133 hoc
583 3084 691 3134 tamen
713 3070 788 3134 loco
808 3071 884 3133 satis
905 3069 992 3132 clare
1013 3090 1033 3131 a
1057 3083 1151 3155 paret
1163 3070 1198 3143 ri,

150 3158 333 3240 φυτιόσαντες
355 3156 389 3218 in
414 3154 582 3241 posteriori
608 3155 765 3218 sententia
789 3153 965 3235 ad‘oora'on
988 3091 1196 3219 reiirendum

151 3265 233 3321 esse,
248 3242 345 3327 idque
360 3241 467 3322 ὁμοίως,
483 3239 639 3316 similiter,
654 3240 703 3302 bis
718 3239 860 3324 positum
883 3238 961 3301 satis
983 3238 1102 3303 innuit.
1148 3239 1197 3316 Ut

152 3326 223 3389 haec
242 3327 350 3388 omnia
369 3325 487 3389 rectius
508 3324 741 3408 intelligantur,
755 3325 919 3409 integrum
936 3322 1091 3408 Dionysii
1105 3323 1196 3408 frsg·

152 3423 299 3472 mentum
323 3409 510 3494 simpliciter
531 3408 784 3471 transferendum
807 3407 929 3471 censui.
973 3407 1027 3469 Ita
1041 3417 1076 3469 et
1089 3429 1144 3470 vos
1158 3429 1198 3471 ex

153 3504 244 3557 tanta
266 3493 473 3556 admonitione
490 3491 719 3574 plantationem
739 3492 948 3556 Romanorum
968 3500 1000 3554 et
1016 3491 1197 3555 Corinthio-

150 3600 222 3640 rum
236 3600 257 3640 a
270 3580 365 3641 Petro
380 3588 411 3640 et
425 3575 524 3640 Panlo
532 3577 659 3661 factam
672 3575 916 3640 commiserantis.
949 3574 1051 3637 Ambo
1065 3574 1198 3639 enimin

156 3662 236 3725 Urbe
250 3672 356 3725 nostra
374 3661 517 3723 Corintho
531 3659 711 3743 plantantes
724 3683 778 3723 nos
792 3659 940 3723 similiter
953 3661 1138 3738 docuerunt,
1152 3660 1195 3724 si·

152 3747 272 3808 militer
285 3756 388 3808 antem
404 3756 433 3808 et
447 3745 480 3807 in
494 3744 592 3807 Italia
608 3745 755 3807 orrdncter
768 3745 909 3808 docentes
924 3743 1007 3806 circo
1022 3744 1107 3807 idem
1118 3756 1198 3808 tem·

151 3845 211 3915 pns
232 3829 431 3914 Martyrium
447 3828 535 3911 parsi
554 3839 637 3891 snnt.
684 3830 724 3891 Τὸ
747 3829 976 3910 φυτεύεινο111111
996 3828 1126 3912 phrasis
1147 3842 1199 3893 est

154 3914 494 3998 Scriptuaria.—-At
516 3912 623 3996 quiri
645 3918 740 3996 φωτᾷν
761 3913 932 3997 Apostolis
954 3912 1125 3991 tribueret,
1140 3934 1197 3977 eos

154 4021 219 4062 non
235 3998 382 4061 doctores
404 3996 460 4058 sed
482 3996 656 4080 discipulos
673 3997 999 4083 efficeret-—Quiu
1014 3998 1113 4061 etiam
1128 3999 1195 4062 Va-

154 4082 250 4146 lesius
265 4081 360 4163 ὁμόσε,
375 4095 432 4144 aut
445 4080 529 4142 male
545 4081 717 4158 transtulit,
729 4096 786 4146 aut
799 4082 928 4167 penitus
943 4080 1067 4144 omisit.
1088 4080 1196 4163 ‘Opim

155 4168 241 4232 euim
256 4189 320 4233 non
336 4164 440 4251 magis
459 4164 511 4228 hic
531 4164 625 4228 sionni
637 4187 735 4252 quam
751 4168 854 4248 ὁμοίως.
864 4165 1037 4252 significat,
1053 4164 1139 4248 ὁμόσε
1152 4167 1194 4229 δι-
