2716 4748
399 300 454 368 IN
474 292 620 366 PAPIAE
641 282 942 367 FRAGMENTA.
1147 322 1187 388 33

150 480 236 550 seut,
247 467 314 545 dux
327 468 339 534 i
364 469 429 536 ‘tur
440 480 473 536 at
496 491 537 536 ue
551 481 664 536 auctor
677 470 747 535 aliis
757 468 855 560 hujus
869 467 1013 537 iovendae
1026 471 1191 552 sententie

150 556 196 622 de
210 576 315 643 regno
362 556 455 622 bristi
499 557 506 571 ‘
531 578 574 623 ua
587 578 627 622 ex
639 568 729 643 parte
741 555 841 622 videri
853 569 973 644 posset.

199 643 235 706 P.
250 655 297 706 1³.
312 641 334 706 l.
347 656 377 706 s.
400 578 540 753 tissimi}
559 643 657 708 Recte
675 643 848 708 Musculus
863 642 1073 708 enarrationes
1085 644 1191 709 vertit.-

153 728 233 793 Hoc
245 727 443 794 enimsensu
456 730 593 815 διηγισιις
604 739 738 814 usurpat
749 728 908 794 Eusebius
921 749 987 794 non
1001 729 1112 795 semel.
1140 730 1194 796 Sic
1222 773 1224 777 -

155 811 256 899 paulo
275 824 370 878 antea
385 812 417 878 lu
437 811 501 878 hoc
522 814 627 900 capite
640 813 743 878 dixit:
765 812 944 902 ἃιὲὴγῖιμαι
957 820 1009 890 τὰς
1023 819 1193 892 &resonarit

152 898 398 986 ἀιρειιδιξάμειιι
419 900 565 986 διηγήσεις.
586 899 745 985 Origenes
765 898 798 964 in
821 899 877 965 lib.
892 902 931 966 iv.
957 900 997 966 de
1018 901 1192 1013 principiis.

153 984 202 1047 to
214 990 325 1060 τοῦιοὴ
350 989 385 1061 εἷς
403 987 451 1050 καὶ
465 988 497 1049 τὸ
518 990 544 1049 ἐν
560 991 601 1071 τῷ
617 983 670 1048 irad
687 1010 766 1050 τινων
785 986 1027 1073 καταφρονουμέιῳ
1041 984 1143 1074 dritta
1154 993 1194 1073 τῷ

152 1067 285 1152 ποιμένι,
299 1094 370 1134 ruso
383 1071 563 1155 διηγούμεθα.
584 1070 670 1135 Vide
683 1093 756 1159 quae
772 1071 877 1136 notavi
888 1072 928 1137 ad
940 1094 1011 1158 cap.
1022 1073 1083 1137 xiv.
1098 1074 1153 1137 lib.
1161 1086 1193 1149 7.

161 1154 231 1238 (ubi
253 1156 388 1241 διηγῆσιις
409 1156 497 1222 idem
516 1177 586 1222 esse
604 1156 700 1221 docet
713 1156 872 1238 Valesius,
888 1156 976 1245 quod
990 1158 1132 1244 ἐξηγήσεις
1147 1158 1197 1224 'vel

158 1241 350 1324 διιξιιγὴιιις.)
386 1239 595 1307 Vsussrus.
1048 1268 1051 1275 ⁴

196 1325 287 1391 'Ibid.
303 1327 325 1390 l.
336 1333 367 1392 6.
390 1328 606 1413 ἂιαπίμψαιτις]
619 1326 865 1415 παραπέμψαντες
877 1328 1027 1395 editionis
1039 1327 1077 1393 R.
1089 1326 1196 1414 Steph-

156 1407 388 1499 ¹illicupliurique
410 1410 583 1478 lectionem
606 1414 749 1499 reposuit
775 1413 909 1479 editioni
934 1434 1000 1480 suae
1024 1414 1198 1495 Strothius,

158 1519 260 1585 quum
284 1498 497 1581 ιἰιαπέμψιιιιις
520 1518 560 1563 ex
580 1512 735 1585 sequente
749 1520 827 1565 voce
847 1512 956 1565 ortum
955 1512 1114 1649 Bputaret.
1151 1500 1200 1565 At

161 1604 237 1648 tero
256 1596 388 1649 tuentur
408 1582 522 1648 Volesii
541 1582 712 1649 lectionem
734 1585 938 1671 manuscripti
987 1581 1048 1649 odi.
1068 1599 1101 1651 et
1116 1584 1201 1649 Nor·-

152 1667 236 1756 scic.
249 1669 539 1757 repetitionemque
554 1669 789 1757 prepositiunis
801 1676 888 1760 uagi
902 1684 978 1759 post
991 1692 1083 1736 voces
1097 1689 1200 1759 aspa*

159 1755 268 1821 suess
291 1770 326 1821 et
345 1754 517 1844 παραδόσεις
535 1776 627 1820 aures
645 1770 764 1822 nostrae
782 1757 891 1823 forsan
906 1775 999 1848 aeque
1015 1771 1103 1844 aeg're
1115 1756 1203 1846 pati-

158 1854 271 1906 untur,
485 1890 488 1895 .
599 1876 607 1898 ι

206 1925 292 1992 Ibid.
320 1926 482 2012 ιἰιιιγιιιίιις]
512 1926 563 1992 Ita
594 1924 724 2001 locutus
752 1927 850 1994 fuisse
879 1927 1039 1993 Eusebius
1066 1921 1205 2011 videtur,

160 2024 332 2113 propterea
346 2012 434 2100 quod
450 2033 490 2076 ex
506 2011 656 2078 instituto
671 2014 855 2079 testimonia
868 2013 910 2079 de
924 2014 1075 2079 omnibus
1090 2027 1124 2080 et
1138 2015 1205 2080 sin·-

162 2096 250 2186 gulss
264 2096 353 2165 Novi
367 2098 610 2164 Foederislibris
623 2099 777 2187 colligere
789 2100 973 2179 statuisset3
996 2099 1129 2188 ὖιιόχεσιι
1142 2127 1204 2168 σε·

159 2183 313 2267 waslaris,
337 2182 441 2271 inquit
466 2184 637 2264 Eusebius,
660 2184 716 2250 lib.
730 2211 760 2250 ν.
784 2186 872 2250 Hirr.
891 2208 920 2251 c.
941 2198 970 2250 8.
992 2187 1206 2274 aapaiissiirq
1283 2192 1285 2195 ’

161 2273 241 2333 κατὰ
256 2271 351 2357 καιρὸν
362 2269 477 2344 εἰπόντες
488 2266 540 2345 τας
553 2279 608 2334 τῶν
621 2271 750 2358 ἀρχαίαν
763 2276 995 2351 ἔκκλησιαςικῶν,
1007 2271 1205 2360 ωρεσβυτέραα

161 2374 195 2419 ‘se
210 2355 258 2419 καὶ
275 2354 461 2444 συγῖςαφᾶαν,
476 2359 576 2440 φανὰς,
591 2359 618 2420 ἓν
632 2356 675 2430 αἶς
687 2361 739 2431 τας
752 2359 821 2444 περὶ
840 2365 894 2421 τῶν
914 2359 1076 2435 ὲνδιαᾶἦκαα
1090 2364 1204 2444 γραφῶν

164 2444 201 2516 εἰς
215 2442 315 2517 αὖτοὺς
329 2440 522 2517 emendatiora
534 2441 706 2527 παραδόσεις
720 2445 814 2530 γραφῇ
826 2442 1055 2530 παραδεδώκασι.
1078 2446 1205 2510 Vocem

165 2546 232 2591 uon
245 2527 342 2593 vertit
353 2525 526 2606 Valesius3
548 2527 606 2607 sed
629 2540 742 2615 postea
763 2529 796 2591 in
816 2529 949 2596 Eusebii
961 2528 1035 2593 loco
1056 2529 1097 2594 de
1116 2529 1206 2595 libris

165 2611 231 2676 illis
243 2613 279 2678 S.
295 2612 468 2699 Scripturae
484 2626 612 2699 agente,
628 2635 709 2701 quos
724 2626 823 2678 testes
837 2614 988 2679 citaverat
1000 2614 1133 2701 Papias,
1172 2616 1207 2681 ui

166 2697 300 2786 quidem
315 2699 406 2764 locus
421 2720 498 2764 mox
512 2697 554 2765 ad
569 2720 601 2786 pi
612 2712 662 2765 35.
677 2699 831 2765 videndus
853 2699 917 2764 hoc
938 2699 1061 2765 claudit
1073 2703 1159 2767 Euse
1184 2702 1208 2767 ii

166 2783 359 2870 capitulum,
382 2806 442 2871 pro
467 2785 627 2870 ἀναγκαίως
649 2808 710 2850 nun
735 2785 802 2850 siue
826 2807 919 2850 caasa
945 2786 1060 2851 Latine
1085 2788 1207 2872 posuit.

165 2871 281 3020 {Otium
303 2890 378 2934 vero
399 2892 621 2957 saepenumero
641 2893 736 2936 voces
758 2871 918 2959 ἀναγκαίας
937 2883 970 2935 et
991 2875 1145 2956 ἀναγκαῖοι
1167 2872 1209 2938 de

254 2955 364 3021 studio
384 2977 444 3020 suo
466 2956 551 3021 circs
572 2979 727 3021 canonem
745 2979 872 3022 sacrum
887 2969 1000 3022 auctor
1013 2957 1209 3038 adbibuerit,

168 3041 278 3128 itaque
299 3054 387 3106 recte
407 3042 501 3106 vertit
524 3042 685 3111 hocloco
708 3043 880 3108 Musculus
901 3044 1079 3124 necessario,
1100 3044 1208 3112 minus

165 3140 278 3191 autem
293 3127 377 3191 bene
393 3126 708 3214 Christophorsonus
723 3129 886 3193 commode.
1194 3140 1196 3145 '
1322 3204 1324 3208 ¹

130 3272 134 3277 .
215 3213 250 3276 Ρ.
266 3226 314 3277 13.
329 3214 351 3276 l.
365 3226 394 3278 8.
416 3211 474 3295 Kal
487 3219 567 3277 τοῦτο
581 3219 594 3277 ὁ
608 3212 796 3302 πρεσὸὖιεςος
810 3213 903 3301 ἔλεγε]
921 3213 1026 3279 Addit
1038 3229 1113 3300 post
1127 3213 1209 3302 ἔλεγει

170 3294 365 3382 Nwepkurrrs
386 3297 522 3377 Ἰωάννης.
554 3301 724 3363 Sanora.
775 3300 858 3388 Quis
884 3299 938 3364 ille
964 3300 1060 3365 fuerit
1084 3302 1210 3382 Senior,

169 3404 237 3448 nou
250 3383 377 3449 addidit
385 3385 557 3463 Eusebius,
569 3385 624 3451 sed
636 3398 743 3449 tamen
755 3407 795 3448 ex
808 3385 847 3448 iis
858 3406 932 3472 quae
944 3385 1063 3450 ibidem
1079 3389 1209 3473 praemi·

170 3467 223 3548 sit,
238 3467 365 3534 videtur
377 3488 473 3556 posse
488 3471 611 3557 colligi,
628 3472 661 3534 S.
680 3471 809 3557 Papiam
829 3491 886 3557 per
907 3472 1071 3536 Seniurem
1090 3473 1210 3538 intelli·

169 3574 249 3641 gere
262 3555 422 3620 loannem
434 3556 671 3644 presbyterum.
693 3557 944 3621 Hsuiosst
960 3550 993 3622 V
990 3557 1026 3622 it.
1039 3556 1072 3622 S.
1086 3558 1211 3645 Papiae,

196 3644 288 3704 .661.
308 3636 342 3706 V
340 3640 391 3704 itt.
407 3643 480 3707 ΡΡ.
494 3640 647 3707 Oriental.
669 3641 725 3727 qui
747 3641 803 3720 ait,
818 3641 904 3709 hunc
925 3643 1085 3708 Joannem
1107 3668 1211 3711 unum

208 3725 272 3791 isse
284 3746 305 3789 e
317 3727 423 3791 LXX.
435 3727 610 3813 discipulis.
654 3727 776 3793 Nescio
790 3726 910 3807 autem,
924 3728 1011 3793 unde
1026 3728 1089 3795 hoc
1105 3731 1212 3817 ipsum

169 3809 322 3876 didicerit
341 3811 387 3876 vir
407 3812 535 3892 doctus,
550 3813 611 3877 nisi
632 3834 671 3876 ex
692 3811 879 3901 conjectura
899 3836 967 3895 sua,
986 3839 1059 3903 quae
1080 3818 1228 3905 quideut

171 3895 348 3982 probabilis
371 3910 420 3963 est
432 3924 442 3977 3
466 3911 564 3984 atque
586 3897 762 3965 Eusebium
788 3913 956 3965 autumare
978 3923 1035 3988 per
1054 3901 1212 3973 Seniuram

171 3982 268 4047 illum
281 3983 439 4048 loannem
455 3985 677 4072 presbyterum
693 3984 832 4070 intelligi
847 3985 975 4065 debere,
990 3986 1125 4074 liquido,
1142 3990 1213 4076 opi·-

171 4088 245 4150 uor,
254 4080 390 4133 constat.
419 4073 473 4139 De
487 4069 657 4156 sepulchro
671 4068 740 4154 ejus
754 4071 987 4157 supradictum
1003 4074 1106 4138 estad
1121 4096 1152 4159 p.
1162 4088 1212 4140 23.

172 4153 248 4219 Nec
272 4152 410 4239 amplius
436 4157 551 4233 habea,
577 4155 638 4218 nisi
664 4154 927 4221 constitutionum
945 4158 1055 4244 Apost.
1076 4158 1157 4223 illud
1178 4160 1233 4248 ing

117 4295 120 4299 .
173 4238 234 4306 lib.
248 4239 300 4303 vii.
322 4260 351 4303 c.
366 4251 416 4309 46.
441 4242 499 4311 ubi
523 4240 640 4306 dicitur
662 4241 865 4309 constituisse
885 4243 1030 4312 Joanues·
1049 4244 1213 4332 apostulus
1266 4272 1268 4276 >

222 4343 308 4393 l'Oln
328 4348 351 4391 1.
677 4345 700 4391 D
