2716 4748
221 289 455 365 Annum.
478 247 532 362 ru
552 294 687 361 srrsr.
708 292 850 358 Maur.
869 287 1011 360 tucn.
1073 286 1133 365 '2⁶1
1169 241 1176 252 ⁰

62 435 73 439 υ
94 460 249 534 Romanae
261 468 347 534 artis
364 468 537 554 episcopam
557 466 754 552 scripserant,
765 479 822 551 pro
840 481 919 552 pace
937 465 1133 532 ecclesiaram

94 554 189 642 qnasi
204 552 357 641 legatione
361 553 545 642 satagentes.
584 553 646 618 sert
659 552 798 617 attidem
810 554 964 640 martyres
977 554 1133 617 irenaeum

94 641 155 732 qui¹
171 651 245 704 tuac
266 641 410 726 temporis
428 640 528 704 adhuc
547 639 710 736 presbyter
721 638 940 725 Lugdunensis
953 638 1020 703 erat
1037 636 1131 703 eccle·

91 725 167 803 sr'oe,
182 725 360 819 supradicto
380 725 548 792 Elatttrero
566 740 625 810 per
647 724 758 789 lateras
779 725 1041 803 commardararzt,
1062 737 1132 788 eam
1246 794 1250 802 ,

92 811 267 876 testimonio
281 833 336 876 suo
349 835 410 877 nort
424 812 616 877 mediocriter
630 821 782 886 ornantes,
797 809 875 874 sicut
890 811 1023 894 ipsorum
1040 809 1132 874 naba

92 896 259 962 declarant·
276 912 350 985 qaae
370 898 415 962 st'c
435 921 467 962 se
488 897 611 962 haheat.
645 896 702 960 TE
723 918 781 983 per
801 897 910 960 omnia
930 898 988 960 &a
1032 897 1132 960 Nunc

91 983 206 1069 accipe
229 1005 302 1069 quae
325 999 400 1048 ante
413 983 490 1048 hoc
513 983 560 1047 fra
620 996 730 1046 entum
756 980 852 1046 docte
877 983 998 1047 notavit
1021 983 1132 1045 Petrus

94 1067 307 1133 Constantius
328 1068 369 1133 ad
390 1090 465 1157 pag.
483 1082 531 1148 87.
585 1092 643 1133 om.
665 1063 786 1154 Pontis.
809 1066 982 1152 Epistulas.
1005 1066 1130 1132 Parisiis

92 1153 254 1220 editarum
267 1177 319 1219 an.
337 1167 424 1231 1721.

298 1348 619 1425 COUSTANTII
650 1340 927 1423 MONITUM.

73 1533 77 1539 ·
137 1503 237 1569 Anno
255 1518 301 1585 17.
319 1506 450 1592 Imperii
465 1507 623 1570 Antonini
638 1506 727 1585 Veri,
746 1506 866 1570 Christi
884 1517 951 1581 177.
967 1503 1132 1568 Viennen-

91 1589 138 1655 sis
151 1603 185 1654 et
199 1592 424 1678 Lugdunensis
438 1593 582 1656 ecclesiae
603 1605 771 1679 martyres,
785 1592 864 1655 dum
880 1591 912 1655 in
927 1590 1059 1654 vinculis
1073 1589 1131 1654 ad-

91 1675 160 1741 huc
174 1691 292 1758 essent,
306 1698 365 1764 pro
384 1700 463 1762 pace
481 1677 687 1742 ecclesiarum
702 1677 864 1763 legatione
878 1677 1061 1762 fungentes,
1076 1676 1133 1741 lit-

91 1774 179 1826 teras
195 1763 239 1828 ad
259 1763 469 1828 Eleutherum
486 1764 647 1849 scripsisse
667 1763 824 1827 Eusebius
840 1763 896 1825 lib.
909 1786 937 1824 v.
953 1762 1040 1826 Hist.
1056 1783 1085 1826 c.
1099 1776 1131 1826 ³.

90 1847 202 1913 tradit.
245 1851 375 1935 Nempe
389 1847 435 1935 pii
456 1849 503 1914 illi
525 1861 681 1937 martyres
697 1849 882 1912 consultum
897 1848 1047 1912 volebant
1061 1847 1134 1933 paci

90 1933 299 1999 ecclesiarum
315 1936 404 1999 Asire
429 1949 462 1999 et
485 1935 645 2022 Phrygiae,
665 1958 738 2021 quae
759 1947 891 2020 propter
913 1955 1010 1999 novas
1031 1937 1132 2023 Mon·
1230 1937 1233 1942 ’

52 2043 55 2047 ·
90 2018 172 2097 tani,
186 2020 364 2085 Alcibiadis
378 2043 415 2085 ac
429 2020 590 2085 Theodoti
606 2020 789 2107 prophetias
805 2021 1026 2085 turbabantur.
1085 2051 1088 2055 ·

91 2167 94 2170 Α
133 2105 220 2170 Tum
231 2106 435 2185 Eleutherna,
447 2107 475 2170 si
486 2107 633 2172 Valesius
646 2122 713 2172 not.
723 2107 757 2170 in
771 2106 827 2170 lib.
839 2131 868 2170 v.
884 2106 1001 2171 Euseb'.
1018 2127 1087 2192 cap.
1099 2118 1130 2170 ³.
1226 2175 1234 2193 Ι

90 2206 159 2254 non
181 2189 314 2269 fallitur,
336 2190 451 2255 litteris
476 2203 571 2279 utque
591 2192 854 2257 exhortationihus
873 2191 1131 2255 Laedunenst'am

90 2284 268 2362 martyram
284 2276 446 2361 impulsas,
462 2279 503 2340 ad
526 2276 668 2341 ecclesias
681 2277 771 2341 Asine
790 2289 884 2362 atque
897 2247 1051 2361 Phrygiae
1064 2276 1132 2362 epi-

89 2359 203 2425 stolam
218 2361 341 2447 scripsit
357 2364 394 2427 de
408 2362 591 2447 recipiendis
607 2364 640 2426 in
655 2363 812 2426 scalenum
827 2361 1057 2429 rttourortuts:
1077 2362 1132 2425 sed

89 2447 201 2510 statim
220 2448 395 2513 admonitas
413 2472 432 2513 a
448 2452 573 2513 Protea
595 2449 727 2535 quodam
743 2447 872 2525 Asiana,
890 2447 1037 2532 pacificas
1052 2469 1130 2545 qaas

89 2532 234 2598 emiserat
249 2533 371 2599 litteras
389 2534 552 2599 reuocauit.
598 2538 645 2598 Ex
667 2535 799 2598 Eusebii
821 2548 928 2597 tamen
951 2546 1131 2598 narratrone

89 2616 266 2704 colligitur,
286 2642 339 2684 eas
361 2621 459 2685 fuisse
481 2619 746 2705 Lugdunensium
769 2634 947 2706 martyrum
971 2618 1011 2683 ad
1033 2618 1132 2683 Eleu-

89 2703 219 2790 therum
234 2705 374 2794 litteras,
390 2729 463 2793 quae
486 2706 578 2770 illurn
599 2728 663 2770 non
684 2705 725 2770 ad
746 2704 962 2769 Montanistas
978 2704 1010 2767 in
1024 2703 1130 2768 eccle-

88 2789 171 2853 siam
193 2791 391 2878 recipiendos
414 2791 613 2870 inducerent,
632 2790 693 2855 sed'
709 2791 751 2855 ab
772 2792 884 2854 eornm
907 2790 1015 2875 potius
1037 2812 1129 2854 com-

88 2874 245 2941 munione
279 2891 458 2942 avocarent.
517 2877 715 2942 Massuetius
739 2898 816 2956 ,vero
849 2891 957 2941 noster
990 2875 1129 2942 Dissert.
1204 2888 1206 2893 ’

89 2961 192 3026 Prata
205 2962 238 3027 in
253 2962 366 3028 lrenaei
390 2964 489 3027 libros
510 2984 585 3049 pag.
601 2976 650 3026 80.
665 2965 823 3041 observat,
837 2974 1020 3048 opportune
1042 2962 1129 3027 acci·

87 3045 187 3127 disse,
211 3063 247 3113 ut
265 3069 340 3114 cum
361 3049 556 3114 Eleutherus
578 3048 781 3113 laudatorum
805 3063 984 3134 martyrum
1006 3048 1130 3112 litteras

87 3133 276 3219 accepisset,
293 3136 424 3199 Praxeas
446 3156 486 3198 ex
504 3134 586 3198 Asia
606 3136 741 3199 Romam
760 3135 899 3211 veniens,
913 3132 973 3218 ipsi
995 3134 1140 3197 Monta-¹

86 3218 245 3283 tristatum
272 3220 399 3293 fraudes
426 3232 585 3306 retegeret
601 3246 608 3284 :
625 3266 627 3271 -
643 3220 744 3306 iisque
772 3219 918 3296 detectis,
945 3218 1066 3282 litteras
1094 3219 1131 3282 in

86 3304 255 3389 Montani,
272 3296 435 3371 Priscae'let
448 3305 639 3370 Maximilla
653 3306 791 3392 gratiam
806 3304 876 3391 jam
891 3305 1022 3368 emissas
1037 3325 1129 3368 revo-

85 3410 164 3454 care
182 3391 399 3476 persuaderet.
436 3393 474 3455 In
489 3391 634 3457 eamdem
651 3391 848 3477 opinionem,
862 3402 899 3456 ut
914 3411 987 3478 quae
1008 3390 1129 3475 proba·

86 3474 164 3540 bilis
179 3489 213 3540 et
226 3477 401 3542 commoda
413 3477 568 3555 videatur,
583 3477 669 3542 ultro
686 3475 930 3563 propendercm.
975 3475 1063 3564 Quia
1077 3490 1128 3540 ta·

43 3589 49 3598 ·
85 3580 166 3625 men
186 3570 251 3625 una
272 3562 385 3626 nititur
401 3562 592 3628 Tertulliani
613 3562 804 3639 narratione,
818 3561 929 3651 inqua
944 3583 1008 3624 non
1028 3561 1126 3629 Eleu·

83 3646 202 3711 therus
230 3648 433 3728 nominatim,
462 3648 519 3712 sed
552 3649 741 3734 simpliciter
776 3650 939 3712 Romanus
970 3648 1127 3732 pontifex,

83 3730 238 3796 hortante
254 3734 382 3814 Praxea,
398 3734 586 3799 senteutiam
603 3749 743 3798 mutasse
757 3733 895 3813 dicitur3
918 3755 956 3796 ac
972 3747 1128 3818 praeterea
1162 3771 1178 3782 =

84 3817 239 3904 quedam
255 3818 353 3906 hujus
368 3820 556 3885 narrationis
570 3821 633 3884 sint
647 3818 809 3907 adjuncta,
824 3843 896 3906 quae
912 3818 945 3882 in
960 3819 1130 3885 Eleutheri

84 3923 308 3970 successorem
323 3906 429 3991 aptius
443 3906 652 3982 conveniant3
667 3906 766 3970 satius
781 3906 883 3969 visum
896 3918 946 3969 est
960 3905 1042 3970 hanc
1055 3928 1128 3970 mu-

62 3987 244 4054 ·tationem
259 3991 385 4056 Victori
398 3989 587 4055 adscribere.
630 3991 696 4078 Qui
722 4013 762 4077 pe
783 3991 927 4068 Praxeas,
945 4003 980 4055 ut
999 3991 1128 4056 Tertul-

84 4072 193 4139 lianus
217 4074 371 4162 loquitur,
397 4077 580 4140 Romanum
602 4014 799 4161 pontiicem,
819 4092 1041 4161 prcecessorrtm
1061 4077 1128 4160 ejas

61 4158 291 4226 auctoritates
314 4161 514 4248 dej'artdeado,
539 4161 637 4249 coegit
667 4161 791 4226 litteras
811 4161 903 4246 pacis
927 4162 960 4227 in
989 4161 1128 4247 gratiam

71 4243 243 4337 'Montani
255 4247 331 4333 jam
352 4247 479 4317 emissus
497 4250 658 4313 revocure?
691 4248 795 4338 Atqui
813 4247 1005 4327 Eleutheros
1021 4245 1130 4335 proxi-

592 4349 637 4400 83
