2716 4748
302 281 355 383 ru
383 280 542 351 rurus·
557 277 855 349 FRAGMENTA.
1050 295 1092 366 37

55 468 255 523 terrenarum
277 453 412 541 angelis,
434 474 474 523 ex
498 451 616 541 quibus
643 450 755 540 aliqui·
793 460 883 514 ostea
901 447 984 535 lapsi
1005 463 1092 530 sunt,

55 541 243 622 commissa,
255 539 328 607 fuse
347 539 488 608 ostendit
507 541 623 605 doctus
642 538 696 605 ille
717 472 900 603 Haiioixius
914 535 955 601 ad
972 537 1005 601 V
1004 536 1039 601 it.
1057 536 1090 600 S.

56 624 184 713 Papio,
196 648 230 715 p.
241 632 313 691 665.
335 626 414 692 ‚Sed
435 648 509 690 vero
528 627 602 690 nixa
620 637 695 689 sunt
714 623 785 688 haec
804 621 913 689 omnia
926 620 1005 687 locis
1018 625 1090 710 qui·

56 712 195 791 busdam
208 712 242 779 S.
253 711 427 798 Scripturae
441 712 517 777 satis
532 711 695 790 obscuris;
718 706 902 781 utdnbium
918 707 970 787 sit,
981 722 1092 775 utrum

56 798 97 867 iis
110 797 316 885 opinionibus
334 798 411 864 insit
427 797 559 885 aliquid,
573 819 639 884 quo
655 809 741 861 recte
754 794 802 861 uti
815 792 927 881 possis.
970 795 1093 861 Tamen

137 906 215 951 uam
234 879 352 951 similia
372 882 412 948 de
434 884 569 970 singulis
589 883 684 947 rebus
705 903 742 947 ac
764 878 916 967 gentibus
929 901 949 944 a
963 901 1093 946 summo

56 905 256 1123 ffidlpenes
279 969 412 1035 numine
435 969 496 1035 sibi
519 968 668 1035 inferiora
692 968 806 1056 positis
827 963 949 1031 ethnici
971 979 1093 1035 statue-

100 1140 237 1208 P.1s.1.
252 1152 300 1218 17.
322 1140 450 1211 Λαέὅννις
462 1141 511 1210 ed<
525 1139 658 1224 ἀφορμαῖς]
689 1141 776 1205 Haee·
793 1138 957 1209 Anastasii
979 1140 1094 1204 Graeoe
1146 1149 1148 1153 ’

56 1226 264 1315 proferuntur
282 1225 325 1291 ab
344 1225 510 1291 Halloixio
525 1226 558 1290 in
572 1226 806 1291 Notationibus
821 1229 863 1295 ad
881 1229 914 1293 V
910 1228 946 1292 it.
962 1225 995 1291 S.
1010 1228 1096 1291 Pon·

60 1311 151 1392 toeni,
172 1333 208 1461 p
231 1323 303 1376 851.
329 1313 427 1376 Tom.
449 1311 590 1377 Secundi
617 1310 650 1376 V
649 1312 699 1376 itt.
723 1315 793 1378 ΡΡ.
817 1312 970 1380 oriem
996 1333 1095 1412 penes

80 1419 158 1465 uem
186 1409 307 1463 ortasse
320 1397 424 1463 codex
438 1397 501 1462 fuit
515 1399 761 1483 manuscriptus.
806 1399 904 1467 Certe
925 1401 957 1464 in
978 1398 1097 1465 brblio-

56 1419 157 1549 (tineos
168 1482 320 1547 Bovarioa
333 1482 396 1547 hoc
409 1484 572 1548 Anastasii
583 1507 665 1584 opus
676 1486 791 1549 Groece
805 1487 946 1564 extabat,
959 1484 1096 1551 testibus

61 1569 213 1634 Gretsero
223 1568 974 1656 PraefationeadAnastasriHodegnm,etCotoio
998 1570 1095 1635 obib-

24 1720 31 1732 ,
57 1652 210 1721 liothecae
230 1654 325 1720 istius
345 1655 432 1742 apud
453 1656 737 1720 Montfanconium
756 1656 908 1722 Biblon.
925 1594 1098 1723 Biiiiotne-

59 1762 191 1807 mm..
222 1738 386 1805 Caeterum
407 1742 548 1806 Joannes
569 1741 747 1828 Apostolus
769 1748 782 1806 ὁ
804 1744 941 1823 inuentam
962 1748 1099 1830 Χρνςοῡνι
1178 1758 1179 1762 ’

60 1826 212 1893 Gedrerm
226 1848 357 1914 quoque
371 1828 556 1892 nominatur
570 1828 603 1891 in
617 1827 789 1893 Historior.
805 1830 968 1916 Compmd.
983 1851 1017 1917 p.
1028 1843 1097 1894 203.

58 1912 112 1978 ed
127 1911 289 2000 Xylandri
299 1937 309 1992 ;
331 1926 365 1977 et
385 1913 443 1978 diu
463 1928 538 1978 ante
558 1912 644 1977 hunc
659 1913 945 2002 chronographum
959 1916 1099 1981 Anasta-

58 1998 213 2086 siumque
226 2000 322 2064 tertio
336 1998 435 2064 etiam
454 2012 596 2065 vertente
613 2001 731 2065 saeeulo
747 2002 788 2065 ab
802 2001 965 2069 Anatolio·
978 2001 1099 2067 Laodi·

58 2104 144 2159 oeno
165 2084 211 2149 sic
233 2083 339 2152 dictus
360 2098 410 2150 est
429 2086 462 2149 in
481 2086 604 2150 Conone
617 2084 775 2165 Posolroli,
790 2087 884 2175 cujus
897 2101 987 2153 vetus
1000 2088 1099 2152 inter·
1153 2090 1157 2107 ¹

43 2191 136 2257 pres
147 2170 283 2235 Latinus
297 2170 368 2236 haeo
383 2170 493 2250 habet,
506 2173 625 2237 Joonne
638 2170 755 2237 scilicet
768 2173 971 2261 evangelista,
985 2184 1015 2238 et
1024 2188 1099 2258 peo-

58 2255 139 2321 toris
160 2253 291 2321 Domini
312 2256 497 2322 incubatore.
512 2260 542 2340 ξ.
553 2281 585 2322 x.
599 2257 651 2322 ed.
670 2258 863 2324 Bucherian.
899 2262 972 2325 Imo
992 2273 1027 2323 et
1047 2281 1099 2324 se-

60 2341 173 2409 eundo
194 2341 337 2408 eeclesiae
365 2343 484 2410 saeoulo
514 2343 698 2432 Polycrates
726 2343 906 2430 Ephesinus
930 2345 1100 2431 episcopus

60 2427 210 2495 similiter
229 2428 364 2514 signavit
382 2428 577 2515 apostolum,
593 2429 632 2492 ἔτι
647 2430 674 2492 δὲ
687 2430 735 2493 καὶ
749 2429 874 2508 Ἰωάννης
888 2436 901 2494 ὁ
916 2432 958 2494 ἐπὶ
972 2432 1003 2493 τὸ
1018 2435 1101 2506 ςῆθνς

60 2520 99 2579 τῦ
113 2511 207 2601 Rupis
221 2514 374 2579 ἁναπέσων.
397 2515 474 2581 Vid.
490 2517 732 2581 Ponucnnris
748 2516 991 2602 Fragmentum,
1005 2516 1099 2580 infra.

106 2600 194 2667 Ibid.
208 2599 231 2665 l.
243 2614 292 2666 30.
313 2603 448 2666 Veteres
467 2622 531 2688 ego
544 2600 750 2666 ecclesiarum
767 2601 839 2688 Sto]
859 2603 924 2668 Hic
937 2601 1101 2673 Anastasii

60 2685 324 2766 mensunusum
336 2687 499 2774 Stephano
511 2687 643 2751 Gobaro
654 2686 741 2774 apud
750 2686 897 2752 Photinm
907 2702 942 2752 et
952 2687 1102 2752 S.Maxi·

62 2795 132 2851 mo,
141 2794 163 2837 a
177 2772 219 2838 cl.
233 2773 356 2839 Grabio
371 2787 568 2838 memoratus
581 2785 650 2851 est3
666 2795 748 2858 qnos
766 2796 878 2839 omnes
898 2786 1042 2860 spectare
1056 2773 1103 2838 ait

63 2857 105 2923 ad
115 2878 166 2935 ea,
176 2881 248 2945 quae
259 2879 299 2922 ex
308 2860 433 2924 Irenaeo
446 2861 489 2924 Pa
512 2859 575 2923 'am
585 2858 735 2924 laudante
749 2881 846 2946 supra
855 2860 1016 2946 descripta
1026 2873 1103 2926 sunt

60 2942 195 3029 adp29.
230 2944 318 3009 Hoc
331 2945 462 3031 quidem
543 2945 670 3010 duobus
685 2946 792 3009 alteris
806 2946 1013 3031 scriptoribus
1029 2947 1102 3011 Ste-

63 3028 175 3114 phano
188 3040 224 3093 et
236 3029 383 3095 Maximo
397 3053 504 3095 verum
520 3045 580 3110 est,
596 3029 653 3095 sed
665 3030 727 3094 ista
741 3032 903 3096 Anastasii
924 3031 966 3097 ad
985 3032 1103 3096 hexae-

58 3114 149 3183 meri
164 3126 263 3202 atque
281 3115 418 3202 paradisi
434 3116 648 3202 expositiones
667 3138 687 3180 a
705 3117 801 3202 Papia
818 3117 951 3203 aliisque
969 3138 1048 3182 exeo
1074 3118 1102 3183 i·.

58 3212 149 3267 -tatas
173 3201 345 3286 pertinere,
366 3201 508 3266 ostendit
528 3215 595 3267 tam
615 3201 706 3290 locus
727 3203 807 3287 ipse,
821 3225 919 3287 quam
940 3203 1027 3289 prior
1049 3204 1056 3219 ’
1084 3224 1103 3268 e

59 3283 211 3374 ejusdem
234 3286 397 3373 scriptoris
422 3288 537 3353 Graece
557 3287 627 3375 jam
652 3287 822 3367 exhibitus,
841 3311 938 3374 quem
962 3289 1102 3355 Grabius

62 3371 280 3458 praetermisit.
314 3373 389 3437 Jam
403 3395 477 3439 vero
497 3373 539 3439 ad
557 3387 704 3439 auctores
723 3394 905 3459 pergamus,
919 3397 1001 3462 quos
1014 3374 1102 3440 idem

56 3457 113 3523 -vir
125 3457 333 3523 doctissimus
346 3472 422 3544 post
435 3460 640 3525 Anastasium
662 3472 779 3523 testem
801 3459 936 3526 citatum
956 3460 1101 3527 adduxit.

62 3549 88 3585 “
103 3544 206 3609 Porro
221 3543 402 3630 Stephanus
416 3545 566 3611 Gobarus
578 3544 737 3610 Tritheita
750 3543 837 3631 apud
852 3546 1001 3614 Photium
1015 3546 1101 3612 Cod.

61 3635 88 3681 -“
103 3642 174 3695 232.
188 3630 356 3717 profitetur
371 3651 405 3695 se
419 3653 485 3695 uon
497 3631 634 3716 probare
648 3630 765 3694 Παπίαν
784 3632 830 3695 τὸν
848 3633 1026 3720 ‘legardam
1039 3633 1100 3697 ἐντί-

58 3721 89 3792 ,“
104 3740 209 3779 numos
221 3716 270 3780 καὶ
283 3715 425 3805 μάρτυρα,
438 3718 495 3780 οὐδὲ
510 3721 651 3802 Εἲρηναῖον
663 3718 710 3781 τὸν
724 3716 796 3781 ὅσιον
809 3717 956 3783 ἐπίσκοπον
968 3719 1102 3805 Asopid-

63 3806 89 3841 “
103 3825 165 3880 νων,
180 3806 207 3864 ἐν
224 3800 261 3876 οἷς
278 3801 419 3886 λέγουσιν,
435 3807 564 3882 αἰθητῶν
583 3807 660 3867 τινῶν
681 3803 841 3903 βρωμάτωνΙ
859 3806 1013 3878 ἀπόλαυσιν
1035 3805 1102 3870 εἶναι

64 3892 89 3927 “
104 3889 221 3963 τὴντῶν
236 3891 351 3974 οὐρανῶν
365 3888 524 3967 βασιλείαν.
560 3891 603 3953 Et
623 3890 787 3953 Maximus
809 3888 842 3953 in
860 3889 1045 3956 Cornment.
1061 3890 1104 3956 ad

64 3977 90 4013 “
104 3971 257 4059 Dionysii
268 3995 339 4059 cap.
351 3985 381 4048 7.
397 3973 437 4037 de
451 3973 673 4040 Ecclesiastico
688 3975 895 4042 Hierarchia:
918 3983 931 4039 ὁ
945 3977 1062 4052 Παπίας
1076 3981 1104 4042 ἐν

65 4062 91 4097 “
106 4062 147 4142 τῷ
159 4058 228 4121 serni
262 4087 283 4144 ῳ
297 4063 369 4122 adri
384 4057 485 4146 βνὲλίῳ
498 4066 551 4124 τῶν
565 4065 711 4145 Κυρνακῶν
724 4062 889 4147 ἐξηγήσεων,
904 4062 956 4137 τὰς
969 4065 1014 4126 &nt
1027 4066 1103 4159 (ipor-

64 4147 91 4183 “
105 4142 281 4223 μᾶτωνενπεν
292 4147 360 4231 ivm*
368 4145 502 4219 ἁναςίισεν
512 4146 690 4222 ἀπολαύσεις.
708 4146 889 4233 Popioslid.
900 4149 939 4212 iv.
956 4149 1103 4213 Domini-

64 4233 92 4270 “
108 4248 215 4295 eonem
225 4227 479 4317 sophenationnm
490 4230 624 4318 scripsit,
628 4231 707 4320 sore
718 4232 752 4300 in
765 4232 982 4301 resurrectione
994 4233 1104 4323 volup·

97 4357 101 4362 ·
563 4328 617 4384 D3
