2716 4748
256 258 308 353 ui
330 284 584 355 Mutrroms
606 286 904 364 1116111111.
1040 308 1098 374 131

58 472 129 528 ννοος
144 454 241 521 scribi
254 455 373 531 σίςνοος.
403 458 498 522 Vm.
542 458 603 522 Pro
617 456 772 522 librorum
786 457 947 522 editorum
963 454 1102 520 lectione

57 539 169 613 virm
191 552 308 607 testem
327 541 408 608 citet
430 540 592 608 Strothius
609 540 783 627 Christoptr.
798 562 857 628 pro
876 541 1102 606 alternantem

58 622 301 773 ultumum
322 625 393 712 ipse
413 626 446 690 in
466 638 590 692 textum
609 626 734 712 primus
752 626 884 713 recepit,
903 626 976 690 coo.
996 623 1104 689 Veneti

59 708 166 775 Lectt.
226 710 262 775 S.
276 708 383 794 Steplo.
401 709 545 774 editionis
567 733 605 775 ue
621 712 736 776 Gneo.
750 712 862 798 Morg.
878 711 995 798 quibus
1016 730 1102 775 nunc

58 790 147 857 eddo
160 792 239 859 MS.
254 792 394 881 Norfolc.
408 806 443 859 et
458 794 531 859 Cori.
546 733 646 860 lucil.
666 817 724 861 seu
744 794 837 860 Bodl.
859 795 893 859 in
914 795 978 860 hoc
993 806 1102 858 tumen

57 876 147 943 libro
167 877 318 944 scribitur
338 880 470 957 κτήσεως.
516 878 603 943 Cum
625 879 772 946 Strothio
794 881 902 967 itaque
925 879 1041 953 κτίσεως
1064 890 1104 943 ut

58 959 219 1027 seriorem
238 962 411 1029 lectionem
426 962 522 1029 edidi.
565 966 609 1030 Et
627 986 702 1030 vero
716 964 766 1029 vix
780 986 964 1051 quenquam
978 960 1104 1028 moneri

58 1064 147 1135 opus
169 1056 231 1126 est,
256 1047 606 1133 Melitonis'lptoliffror
632 1049 675 1115 de
701 1049 773 1114 Filii
799 1049 864 1113 Dei
892 1062 1102 1134 naturaque

58 1132 296 1281 popm
315 1131 1102 1303 ..tlttlttitt‘tffittttttpttltt

58 1299 155 1365 bium
171 1298 228 1365 lib.
239 1324 273 1365 v.·
286 1301 373 1366 Hist.
385 1323 414 1365 c.
424 1311 474 1367 28.
489 1301 579 1389 quod
593 1323 689 1388 supro
703 1325 743 1367 co
768 1302 858 1368 oceri
872 1302 913 1366 ad
926 1324 1004 1388 pag.
1020 1317 1088 1380 119.

105 1385 142 1449 P.
155 1383 318 1451 111111.
340 1385 425 1471 λίγος
437 1390 510 1450 oriri
525 1387 585 1486 περὶ
599 1385 775 1475 προφητείας]
792 1386 925 1451 Rufinus
939 1387 1009 1451 haec
1024 1407 1102 1450 cum

60 1468 168 1533 verbis
181 1490 221 1535 su
261 1470 398 1555 rioribus
411 1471 580 1558 conjunxrt
592 1471 657 1536 hoc
671 1471 788 1536 modo:
811 1473 864 1535 De
880 1470 941 1535 lide
955 1485 989 1536 et
1002 1491 1104 1557 gene·

60 1552 189 1619 uriom
231 1554 324 1620 hristi
337 1567 371 1619 et
385 1555 427 1621 de
440 1552 610 1642 prophetia
629 1555 710 1643 ejus,
724 1556 778 1620 cui
792 1568 901 1620 tamen
916 1577 981 1620 non
994 1575 1102 1618 assen-

62 1637 140 1703 tior.
176 1638 308 1705 Rectius
327 1638 549 1727 Hieronymus
562 1639 596 1704 in
609 1641 694 1706 libro
710 1640 751 1705 de
765 1640 974 1726 scriptoribus
988 1639 1104 1703 Eccle-

61 1722 201 1789 siasticis
225 1722 313 1788 hune
336 1725 446 1791 locum
471 1725 518 1789 ita
539 1725 645 1790 vertit.
687 1727 769 1790 Item
795 1723 833 1787 de
858 1724 1022 1811 prophetia
1047 1744 1105 1787 suo

62 1804 182 1871 librum
200 1829 308 1872 umam.
346 1808 445 1874 Certe
470 1808 664 1874 Melitonem
686 1809 879 1958 prlrphetam
902 1832 922 1873 s
943 1809 1105 1894 plerisque

62 1890 214 1958 hobitum
228 1893 328 1957 fuisse
337 1892 436 1959 docet
448 1893 676 1959 Tertullianus.
757 1895 944 1981 leronymus
957 1894 990 1957 in
1004 1892 1104 1957 Meli·

61 1988 154 2055 tene,
179 1976 297 2062 Hujus,
318 1978 434 2064 inquit,
459 1977 586 2064 elegans
610 1989 641 2043 et
666 1978 921 2043 declamatorium
946 1976 1106 2064 ingenium

62 2057 199 2127 laudans
212 2060 427 2127 Tertullianus
447 2061 480 2126 in
500 2083 515 2127 s
554 2071 615 2126 tem
630 2061 719 2127 libris
733 2085 809 2160 quos
822 2062 945 2148 scripsit
960 2062 1105 2127 noluemus

62 2144 243 2213 Ecclesimn
261 2160 319 2232 pro
340 2148 507 2227 Montano,
543 2146 601 2211 icit
621 2147 816 2235 eplerosque
836 2158 1010 2212 nostrorum
1029 2161 1107 2231 pro·

58 2231 194 2317 piretum
217 2232 337 2315 putori.
369 2233 465 2297 Vsu.
509 2231 670 2296 invenisse
694 2233 917 2320 Hieronymus
942 2231 1106 2297 videturi

62 2316 150 2400 niyof
171 2318 241 2404 srrql
260 2314 431 2404 προφητείας
447 2321 533 2380 orriri.
570 2316 635 2379 Sed
649 2337 722 2380 vero
736 2318 912 2395 SemleruS,
927 2317 984 2380 ubi
998 2337 1107 2401 supra,

62 2400 223 2487 scriptum
238 2401 337 2466 frrisse
359 2402 447 2466 hunc
467 2400 585 2465 librum
607 2423 627 2464 a
647 2400 808 2464 Melitene
828 2415 941 2466 contra
954 2400 1107 2464 Montani

62 2484 270 2572 prophetiam
293 2484 476 2549 arbitratur.
520 2484 623 2571 quue
645 2499 744 2563 reete,
759 2485 792 2549 ni
814 2485 921 2562 fallor,
935 2506 1012 2548 cum
1029 2483 1114 2548 Cle--

63 2590 160 2635 ruens
176 2569 415 2636 Alexandrinus
436 2568 470 2632 in
490 2569 574 2634 libro
598 2570 655 2634 illo
676 2573 735 2656 rupi
756 2567 918 2656 προφητείας
933 2568 1004 2656 jam
1026 2568 1107 2632 olim

107 2654 195 2720 rdito
222 2654 339 2740 partim
366 2654 415 2718 vel
443 2667 549 2718 totum
576 2654 647 2741 ejus
676 2656 782 2753 operis
816 2667 930 2719 contra
954 2640 1107 2802 'epusdem

106 2739 221 2804 outoni
232 2752 408 2809 sectatores
421 2738 594 2824 scripserit,
606 2750 687 2803 teste
702 2760 774 2824 ipso
787 2752 920 2805 auctore
936 2737 964 2803 C

63 2823 98 2889 iu
111 2824 202 2900 loco,
237 2823 272 2887 ui
286 2823 406 2932 dignus
418 2836 480 2900 est,
494 2836 532 2886 ut
548 2822 601 2886 hic
616 2824 898 2907 efferatum—pir
913 2821 999 2887 τοίνυν
1012 2824 1108 2910 ψυχι-

63 2934 116 2983 κυς
130 2910 160 2971 ir
174 2846 284 2982 innisus
296 2934 371 2991 popu
385 2907 523 2992 λεγόντων
535 2910 608 2988 ἡμᾶς
623 2914 647 2970 ol
659 2908 847 2995 orpoupo‘psror
863 2907 1105 2990 (Valentiniani)

62 2996 148 3057 ἂλλὰ
167 2993 216 3057 nal
235 2998 261 3056 oi
277 2993 400 3080 Φςίγες·
422 2992 469 3068 ἤδη
489 2995 547 3078 γὰρ
566 2989 613 3059 rol
633 2991 704 3056 οὗτοι
718 2995 887 3078 τοὺςτῇνεξι
900 2991 1056 3079 προφητείᾳ
1066 2995 1108 3100 pi

63 3075 270 3225 πράξοντας,
284 3076 424 3161 minoris
437 3083 581 3152 saturn,
594 3078 668 3161 πρὸς
686 3077 730 3151 οὓς
745 3081 771 3141 ἐν
783 3081 839 3150 τοῖς
852 3078 921 3163 orsgl
939 3094 1109 3164 orpopnrsuog

979 2751 1108 2802 emente

63 3164 163 3240 Ιοοιλιξ
175 3167 264 3243 poso.
299 3163 414 3227 Strorn.
436 3160 475 3223 iv.
499 3161 529 3243 ξ.
554 3174 601 3223 13.
622 3181 656 3307 p.
671 3167 740 3224 605.
763 3161 813 3225 ed.
838 3160 968 3224 Potteri.
1022 3161 1108 3224 Tum

64 3259 223 3333 preterea
243 3245 436 3311 Melitonem
457 3242 608 3309 adversus
647 3246 792 3314 aereticos
808 3244 934 3331 aliquos
947 3243 1109 3328 scripsisse

65 3352 107 3397 cx
127 3330 324 3416 Hieronymi
343 3330 418 3394 loeo
438 3341 566 3394 constat
586 3329 618 3392 in
633 3329 740 3413 Epist.
755 3329 826 3416 ejus
844 3329 886 3392 od
900 3330 1060 3415 Magnum
1076 3327 1110 3392 in

64 3417 335 3481 Arouurrrrnu
352 3413 555 3498 Fragmentis
569 3435 647 3477 mox
659 3414 832 3478 afferendo.

110 3497 198 3565 Ibld.
213 3496 236 3562 l.
251 3512 301 3562 23.
324 3500 371 3562 nori
386 3503 400 3560 ὁ
413 3497 482 3584 ersgl
496 3498 660 3582 φιλοξενίας]
680 3501 728 3562 nal
742 3500 801 3584 περί
816 3501 841 3574 ψ
885 3497 948 3582 ”poi
966 3494 1109 3577 σώματος,

66 3581 115 3663 uu)
133 3588 148 3645 ί
169 3582 231 3669 ropl
253 3581 416 3661 φιλοξενίας.
460 3582 543 3646 Haec
565 3595 614 3646 est
633 3583 821 3668 scripturae
867 3582 924 3646 icis
940 3581 1046 3673 Regii,
1064 3584 1111 3664 (et

67 3666 116 3731 erl.
132 3666 170 3733 St
211 3667 254 3748 l.)
277 3688 375 3766 quarn
398 3667 568 3730 confirmat
589 3667 685 3754 etiam
708 3667 853 3731 Rufinus.
892 3667 1018 3730 Verum
1033 3687 1110 3730 cum

65 3750 123 3817 hic
185 3751 313 3815 elitonrs
334 3750 418 3815 liber
440 3750 482 3814 de
501 3751 609 3814 anime
622 3763 655 3814 et
668 3773 814 3837 corpore,
825 3751 895 3837 jam
910 3762 1004 3814 antea
1018 3771 1109 3815 com·

66 3847 268 3900 memoratus
283 3834 336 3913 sit,
374 3834 431 3899 uid
453 3856 474 3898 o
498 3857 536 3899 us
558 3847 609 3899 est
631 3857 742 3900 rursus
763 3858 839 3900 eum
853 3835 907 3899 hic
922 3837 1108 3900 recensere?

67 3918 170 3985 Certe
183 3919 217 3983 in
231 3918 346 3983 codiee
400 3918 452 3983 ed.
469 3856 554 3984 luk.
568 3933 603 3984 et
617 3921 713 3984 Savil.
727 3923 822 3986 verba
836 3919 892 3984 illu
904 3920 952 3983 nol
970 3921 1030 4007 περὶ
1051 3921 1110 3996 ψο-

64 4009 125 4090 χιῑς
137 4000 187 4080 καὶ
197 4000 330 4085 σώματος
345 4025 410 4068 non
425 4004 594 4069 habentur.
639 4004 704 4069 Sed
724 4027 828 4093 neque
846 4004 932 4091 apud
947 4004 1112 4090 Hierony·

66 4110 161 4154 mum
186 4108 225 4153 ee
247 4086 472 4174 Nicephorum
486 4089 553 4153 ulla
566 4109 679 4153 eorum
693 4104 798 4156 exstat
813 4089 935 4153 mentio
948 4088 1012 4152 hoc
1025 4089 1110 4151 loco.

67 4173 226 4261 Optimus
241 4184 351 4237 tamen
365 4172 468 4239 codex
482 4166 574 4239 Man.
592 4183 632 4238 ea
649 4176 777 4255 retinet,
791 4175 846 4240 sed
861 4176 984 4240 inverso
999 4171 1111 4238 ordine

564 4278 590 4323 K
602 4272 621 4321 2
