2716 4748
118 373 121 377 -
199 386 202 391 .
294 328 347 409 tu
361 324 607 425 xHEGESIPPI
630 325 927 394 FRAGMENTA.
1064 346 1128 415 229

82 492 181 576 rium,
193 505 277 561 teste
291 496 483 582 Nicephoro
497 497 530 561 in
544 494 601 561 lib.
616 496 644 560 Ι.
662 517 701 561 cn
726 509 796 560 .33.
832 497 882 559 Ex
896 494 957 560 hac
970 494 1072 584 igitur
1083 494 1125 560 li·

84 580 183 647 beros
196 581 358 666 suscepitr
379 602 399 644 a
435 578 529 645 uibus
543 601 687 667 propaga
725 594 802 644 sunt
814 579 982 658 trrro'rvrn,
997 580 1038 645 de
1051 578 1125 667 qui·

83 664 337 731 but-Africanus
350 666 385 729 in
430 665 548 751 pistola
563 665 605 729 ad
618 664 806 729 Aristidem.
844 666 917 728 Hos
932 685 1029 748 porro
1042 666 1123 727 Sca·

84 748 181 835 ligeri
195 770 318 813 errores
334 748 529 835 jamdudum
550 749 754 834 reprehendit
771 748 805 811 P.
818 748 1001 813 Halloixiue
1014 749 1047 812 in
1064 769 1123 812 no·

82 832 263 897 tutioribus
277 832 429 897 advitam
444 833 624 931 Hegerippi
631 857 643 911 ;
663 832 752 920 quod
787 832 895 896 uidem
908 833 1007 896 serius
1021 846 1054 897 et
1065 832 1124 897 ab·

82 916 203 981 uolutio
221 916 291 1003 jam
317 916 644 1003 unimadverrionrbus
665 917 746 981 meis
765 854 879 981 iidici.
912 919 1122 981 Vnonsrus.

83 1004 149 1063 uta'w
163 1000 243 1063 Mar
265 1000 331 1065 iuer
342 1000 391 1065 ed.
409 1002 524 1066 Gener.
538 1014 572 1065 et
589 1000 776 1085 exemplaris
795 1017 888 1083 perer
899 1001 1003 1065 Jones.
1036 1002 1123 1065 utoni

85 1083 209 1147 Codicis
261 1085 343 1149 eneti
367 1087 470 1149 Lectt.
493 1087 588 1149 Mar.
612 1086 722 1149 tutet.
755 1086 927 1149 Srnoru.
971 1087 1021 1148 υἱοὶ
1043 1084 1123 1149 MS.

83 1166 226 1254 Norsolc.
270 1169 341 1233 Sed·
363 1171 449 1233 riurei
477 1184 640 1255 receptam
668 1168 839 1234 lectionem
866 1182 1020 1255 praestaut
1044 1168 1123 1233 MS.

85 1250 187 1317 Sauli.
200 1274 258 1317 reu
272 1252 366 1317 Bodt.
379 1268 414 1319 et
428 1256 570 1317 Zonaras
576 1254 616 1318 ·in
631 1252 808 1317 Annalibus
821 1253 878 1317 lib.
889 1254 933 1317 xi.
948 1274 1019 1339 cap.
1035 1269 1084 1332 19.

129 1338 165 1401 P.
178 1343 245 1415 196.
260 1336 284 1401 l.
293 1352 343 1401 2³.
365 1338 592 1423 ἐδηλατόρωσαν]
606 1339 700 1403 Miris
715 1338 822 1401 modis
832 1360 893 1402 vox
906 1350 1058 1423 corrupta
1070 1340 1121 1405 eet

81 1419 119 1484 iu
129 1418 259 1485 duobus
270 1421 351 1485 meis
362 1422 529 1486 codicibus
538 1436 637 1507 atquc
649 1422 812 1509 Syncello,
822 1423 943 1508 quippe
954 1443 1029 1485 cum
1043 1422 1123 1487 reri⁴

81 1504 136 1569 bae
149 1504 257 1569 Greci
267 1506 474 1591 peregrinum
484 1507 616 1569 verbum
626 1507 679 1571 vix
688 1519 745 1571 aut
759 1526 798 1569 ne
809 1507 859 1569 vix
872 1506 1003 1592 quidem
1017 1528 1122 1590 agno·

80 1588 350 1653 vicoevideantur.
372 1589 685 1667 Hnlloixiusautem,
755 1604 866 1677 tqunm
878 1590 1009 1664 notavit,
1021 1590 1122 1655 hocce

80 1673 218 1759 verbum
231 1684 265 1737 et
279 1694 399 1737 nomen
412 1673 538 1759 δηλάτωρ
556 1696 576 1737 a
590 1611 801 1737 voce-ffina
814 1673 935 1737 delator
945 1674 1120 1738 formatum

80 1772 166 1837 esse,
189 1757 235 1821 ita
256 1757 365 1843 pergit
384 1756 547 1821 scriberet
569 1756 725 1822 “Similia
744 1759 840 1821 verba
861 1756 939 1821 olim
960 1757 1057 1842 praeci
1079 1779 1122 1823 ue
1257 1820 1262 1827 .

81 1846 106 1881 ‘⁶
121 1840 156 1905 in
170 1840 273 1928 Syria,
287 1854 326 1905 ut
338 1840 535 1918 Antiochiae,
550 1842 673 1928 Beryti,
687 1855 720 1906 et
740 1842 849 1907 vicinis
870 1841 903 1905 in
925 1841 1005 1905 locis
1026 1861 1045 1904 e
1069 1864 1123 1906 or·

80 1930 107 1965 “
119 1936 209 1989 mata
222 1938 309 2003 eunt,
322 1937 453 2011 propter
466 1927 629 1989 Romanos
643 1926 800 1990 exercitus
818 1926 897 1990 inibi
913 1926 969 1989 diu
981 1939 1122 1991 versatos

80 2014 106 2049 “
118 2021 154 2073 ct
166 2010 255 2095 leger
268 2009 347 2073 item
362 2010 478 2081 lutino
490 2008 602 2094 lingua
615 2009 758 2075 edoctus.
800 2010 886 2073 Hinc
902 2010 933 2072 in
947 2011 986 2073 B.
1003 2010 1122 2095 Ignatii

81 2100 106 2133 “
118 2092 305 2179 „Antiochiae
327 2094 471 2179 episcopi
492 2093 618 2172 litteris,
634 2106 672 2157 ut
691 2094 757 2159 illic
771 2094 936 2172 athuonui,
951 2094 1014 2157 ieta
1026 2095 1122 2159 verbo

79 2176 270 2241 “militaria
288 2177 501 2262 reperiuntur.
538 2177 686 2264 Δησίρτωρ
708 2178 853 2256 desertor,
874 2178 1008 2255 δηπὸσετα
1029 2179 1122 2263 depo·

81 2266 104 2301 “
118 2260 183 2325 sita
198 2260 258 2325 &c
302 2263 345 2325 Et
364 2260 419 2325 hic
440 2284 549 2327 rursus
569 2263 603 2325 in
621 2262 736 2326 eodem
753 2263 943 2360 Hegesippo
957 2262 1056 2347 paulo
1070 2262 1122 2326 inss

78 2352 105 2385 “
117 2345 218 2409 fcriue
243 2344 357 2445 δηνάρια
384 2345 536 2409 denarios.
580 2346 665 2410 Quae
695 2368 756 2411 vox
784 2362 881 2410 ettam
910 2345 943 2409 in
968 2346 1122 2411 omnibur

80 2436 104 2469 “
116 2428 331 2515 Evangelistu
358 2429 547 2529 reperitur.''
583 2431 617 2492 P.
640 2442 710 2507 727.
739 2430 956 2494 Notatiouum
984 2429 1027 2495 ad
1050 2430 1121 2497 Vit.

79 2506 148 2577 He'
197 2513 274 2660 ippi‚
288 2524 370 2578 torn.
382 2536 416 2577 n.
434 2513 513 2577 Vm.
530 2515 599 2577 ΡΡ.
617 2512 770 2578 Oriental.

84 2642 87 2647 -
124 2598 140 2661 l
165 2597 209 2662 id.
238 2609 308 2663 M.
329 2603 344 2660 ὁ
366 2597 519 2681 innixurus]
534 2599 573 2661 Ὁ
595 2596 712 2672 itum-05.
746 2597 800 2661 Sic
820 2619 859 2661 ex
876 2596 990 2662 codice
1008 2596 1119 2662 Medi-

77 2700 151 2745 caeo
172 2680 275 2767 edidit
295 2682 378 2745 Rob.
395 2680 589 2766 Stephanus.
646 2684 685 2745 ln
708 2680 819 2746 codice
844 2682 935 2767 regio
960 2682 1118 2767 scriptum

78 2758 187 2829 inveni
207 2770 221 2827 t
243 2764 387 2843 ἰκεὸίιτος,
405 2766 497 2851 quod
516 2780 687 2831 monuerat
707 2767 806 2832 etiam
825 2766 917 2831 idern.
934 2766 1119 2854 Stephanus

77 2850 113 2913 in
128 2848 221 2913 variis
234 2848 426 2914 lectionibus
438 2872 519 2936 quas
533 2850 573 2914 ad
588 2851 709 2914 calcem
723 2849 872 2915 editionis
886 2872 953 2916 suu
968 2850 1117 2938 conjecit.

78 2936 120 2997 ln
134 2932 289 3007 chronico
301 2934 437 3020 Georgii
451 2933 593 3081 Spncelli
606 2934 727 3019 legitur
740 2941 755 2998 ὁ
772 2935 920 3008 ἰουόκατος.
937 2938 1018 3015 (cor.
1033 2934 1118 3001 trina-

77 3016 762 3181 runtttttuttrurfttt
776 3018 1118 3183 ttttftfttt

77 3185 178 3272 hujus
191 3184 460 3271 lociscriptutam
471 3186 681 3265 restituimus,
691 3186 791 3261 τόπους
804 3190 825 3249 δ’
839 3192 852 3249 ὀ
867 3187 994 3261 ἰεόκατος
1008 3186 1025 3263 ἥ
1046 3212 1115 3271 ayt.

78 3268 285 3334 Confirmant
297 3269 381 3334 hanc
395 3270 565 3349 lectionem
582 3271 787 3355 Nicephorur
801 3283 835 3334 et
847 3271 991 3334 Rufinus.
1060 3292 1116 3351 arn

77 3354 112 3417 in
126 3353 244 3417 Rufino
264 3354 396 3442 quidem
417 3356 534 3419 dicitur
556 3355 746 3419 Revocatus.
783 3355 851 3422 Hos
863 3354 1032 3433 Revocuru
1044 3354 1116 3441 qui·

77 3438 153 3501 dum
167 3437 290 3501 nomm
302 3438 357 3524 qui
370 3439 414 3503 ud
427 3438 483 3502 troc
494 3437 606 3502 missus
615 3438 743 3525 suerat,
757 3439 905 3523 poduxit
919 3438 961 3502 ad
975 3438 1116 3503 Domiti-

78 3542 186 3585 anum.
217 3522 302 3587 Nice
347 3544 424 3586 orus
437 3524 555 3586 veroin
570 3523 627 3587 lib.
640 3523 684 3586 iii.
697 3544 769 3608 cap.
784 3538 829 3587 10.
846 3522 1001 3607 seriptum
1015 3522 1116 3590 habet

78 3605 263 3683 hincinarus.
327 3606 359 3670 ui
375 3607 441 3671 sint
452 3608 596 3684 Erocati,
610 3622 725 3670 notum
739 3621 842 3672 estex
854 3608 982 3685 Dione;
997 3607 1115 3673 militer

80 3690 203 3755 scilicet
222 3690 437 3755 honoratioris
456 3691 531 3768 loci,
545 3690 602 3777 qui
621 3690 776 3755 confectis
792 3690 864 3776 jam
885 3690 1050 3776 stipendiis
1063 3692 1115 3775 di-¹

78 3775 180 3851 mirri,
192 3774 237 3839 ad
250 3766 399 3839 militiam
417 3776 631 3839 evocabuntur
643 3796 664 3839 a
676 3774 829 3861 principe.
872 3778 1002 3839 Horum
1023 3797 1115 3840 rnen·

79 3858 126 3923 tio
151 3856 188 3922 fit
213 3858 247 3922 in
269 3860 400 3923 vetustis
424 3859 695 3943 inscriptionibus,
720 3862 843 3923 Evou.
870 3859 970 3923 Auo.
1005 3859 1045 3924 ld
1065 3871 1117 3925 ert

80 3944 239 4009 Evocatus
251 3944 407 4029 Augusti.
452 3946 505 4009 Ne
520 3944 591 4029 quis
605 3956 712 4007 autem
729 3943 873 4020 miretur,
888 3942 1035 4029 Hegesip
1058 3966 1114 4008 um

81 4026 231 4091 Groeeum
247 4026 435 4112 scriptorem
448 4028 595 4091 Romano
610 4026 768 4093 vocabulo
783 4049 877 4091 usum
892 4028 1002 4092 fuisse.
1070 4048 1114 4091 on

81 4108 114 4174 id
130 4130 251 4175 norum
269 4125 327 4177 aut
348 4112 531 4197 infrequens
554 4111 755 4197 Hegesippo,
770 4112 890 4198 quippe
911 4111 966 4197 qui
988 4112 1115 4187 δηλατω-

81 4194 160 4277 pniar
178 4208 213 4260 et
230 4195 343 4282 δηνάρια
355 4195 536 4284 usurpatio
552 4195 612 4259 hac
626 4197 806 4260 narratione
822 4217 919 4282 quum
933 4216 1001 4282 pree
1014 4193 1116 4259 maui-

577 4299 602 4344 α
612 4292 630 4343 3
