<?xml version="1.0" encoding="UTF-8"?>
<!DOCTYPE html PUBLIC "-//W3C//DTD XHTML 1.0 Transitional//EN"
    "http://www.w3.org/TR/xhtml1/DTD/xhtml1-transitional.dtd">
<html xmlns="http://www.w3.org/1999/xhtml" xml:lang="en" lang="en">
 <head>
  <title>
</title>
<meta http-equiv="Content-Type" content="text/html;charset=utf-8" />
  <meta name='ocr-system' content='tesseract 3.04.00' />
  <meta name='ocr-capabilities' content='ocr_page ocr_carea ocr_par ocr_line ocrx_word'/>
</head>
<body>
  <div class='ocr_page' id='page_1' title='image "./reliquiaesacrae00routgoog_0265.png"; bbox 0 0 2716 4748; ppageno 0'>
   <div class='ocr_carea' id='block_1_1' title="bbox 282 255 1114 351">
    <p class='ocr_par' dir='ltr' id='par_1_1' title="bbox 282 255 1114 351">
     <span class='ocr_line' id='line_1_1' title="bbox 282 255 1114 351; baseline 0.004 -22"><span class='ocrx_word' id='word_1_1' title='bbox 282 256 335 333; x_wconf 85' lang='lat' dir='ltr'>IN</span> <span class='ocrx_word' id='word_1_2' title='bbox 356 255 592 333; x_wconf 75' lang='lat' dir='ltr'>neersrrrt</span> <span class='ocrx_word' id='word_1_3' title='bbox 614 255 912 332; x_wconf 78' lang='lat' dir='ltr'>FRAGMENTA.</span> <span class='ocrx_word' id='word_1_4' title='bbox 1053 274 1114 351; x_wconf 68' lang='lat'>245</span> 
     </span>
    </p>
   </div>
   <div class='ocr_carea' id='block_1_2' title="bbox 73 421 1118 1087">
    <p class='ocr_par' dir='ltr' id='par_1_2' title="bbox 73 421 1114 519">
     <span class='ocr_line' id='line_1_2' title="bbox 73 421 1114 519; baseline -0.001 -22"><span class='ocrx_word' id='word_1_5' title='bbox 73 421 270 515; x_wconf 47' lang='lat' dir='ltr'>&#39;moieno</span> <span class='ocrx_word' id='word_1_6' title='bbox 289 432 492 518; x_wconf 49' lang='lat' dir='ltr'>Exemplar&amp;</span> <span class='ocrx_word' id='word_1_7' title='bbox 509 432 600 497; x_wconf 82' lang='lat' dir='ltr'>Edit.</span> <span class='ocrx_word' id='word_1_8' title='bbox 623 433 731 519; x_wconf 75' lang='lat' dir='ltr'>Steplt.</span> <span class='ocrx_word' id='word_1_9' title='bbox 745 448 839 518; x_wconf 80' lang='lat' dir='ltr'>penes</span> <span class='ocrx_word' id='word_1_10' title='bbox 857 434 960 497; x_wconf 77' lang='lat' dir='ltr'>Jones.</span> <span class='ocrx_word' id='word_1_11' title='bbox 982 431 1062 497; x_wconf 83' lang='lat' dir='ltr'>Mor</span> <span class='ocrx_word' id='word_1_12' title='bbox 1086 454 1114 509; x_wconf 83' lang='lat' dir='ltr'>o,</span> 
     </span>
    </p>

    <p class='ocr_par' dir='ltr' id='par_1_3' title="bbox 75 454 1113 665">
     <span class='ocr_line' id='line_1_3' title="bbox 75 454 1113 665; baseline -0.005 -83"><span class='ocrx_word' id='word_1_13' title='bbox 75 530 113 665; x_wconf 65' lang='lat' dir='ltr'>ep</span> <span class='ocrx_word' id='word_1_14' title='bbox 128 516 573 625; x_wconf 37' lang='lat' dir='ltr'>Hegert&#39;ppirEoecerplssodl.</span> <span class='ocrx_word' id='word_1_15' title='bbox 595 518 732 600; x_wconf 75' lang='grc' dir='ltr'><strong><em>ἀποπιέζει</em></strong></span> <span class='ocrx_word' id='word_1_16' title='bbox 750 516 910 616; x_wconf 59' lang='lat' dir='ltr'>Georgius.</span> <span class='ocrx_word' id='word_1_17' title='bbox 947 516 1012 581; x_wconf 89' lang='lat' dir='ltr'>Sed</span> <span class='ocrx_word' id='word_1_18' title='bbox 1026 454 1113 615; x_wconf 51' lang='lat' dir='ltr'>{efren</span> 
     </span>
    </p>

    <p class='ocr_par' dir='ltr' id='par_1_4' title="bbox 75 598 1118 783">
     <span class='ocr_line' id='line_1_4' title="bbox 75 598 1118 783; baseline -0.001 -34"><span class='ocrx_word' id='word_1_19' title='bbox 75 606 274 751; x_wconf 51' lang='lat' dir='ltr'>llll?</span> <span class='ocrx_word' id='word_1_20' title='bbox 286 598 653 783; x_wconf 45' lang='lat' dir='ltr'>illlii&#39;lnlililitm</span> <span class='ocrx_word' id='word_1_21' title='bbox 668 602 1118 783; x_wconf 62' lang='lat' dir='ltr'>{illlltlltliltftl</span> 
     </span>
    </p>

    <p class='ocr_par' dir='ltr' id='par_1_5' title="bbox 76 768 1115 856">
     <span class='ocr_line' id='line_1_5' title="bbox 76 768 1115 856; baseline -0.001 -21"><span class='ocrx_word' id='word_1_22' title='bbox 76 768 280 835; x_wconf 81' lang='lat' dir='ltr'>Caeciarlum</span> <span class='ocrx_word' id='word_1_23' title='bbox 287 768 428 854; x_wconf 74' lang='lat' dir='ltr'>fellones</span> <span class='ocrx_word' id='word_1_24' title='bbox 442 791 501 854; x_wconf 93' lang='lat' dir='ltr'>pro</span> <span class='ocrx_word' id='word_1_25' title='bbox 505 768 595 856; x_wconf 83' lang='lat' dir='ltr'>fullo</span> <span class='ocrx_word' id='word_1_26' title='bbox 610 785 644 835; x_wconf 90' lang='lat' dir='ltr'>et</span> <span class='ocrx_word' id='word_1_27' title='bbox 658 782 754 835; x_wconf 81' lang='lat' dir='ltr'>cester</span> <span class='ocrx_word' id='word_1_28' title='bbox 771 792 831 855; x_wconf 89' lang='lat' dir='ltr'>pro</span> <span class='ocrx_word' id='word_1_29' title='bbox 849 790 898 833; x_wconf 83' lang='lat' dir='ltr'>res</span> <span class='ocrx_word' id='word_1_30' title='bbox 910 791 950 833; x_wconf 80' lang='lat' dir='ltr'>ex</span> <span class='ocrx_word' id='word_1_31' title='bbox 962 769 1115 834; x_wconf 78' lang='lat' dir='ltr'>omnibus</span> 
     </span>
    </p>

    <p class='ocr_par' dir='ltr' id='par_1_6' title="bbox 73 840 1115 940">
     <span class='ocr_line' id='line_1_6' title="bbox 73 840 1115 940; baseline -0.002 -21"><span class='ocrx_word' id='word_1_32' title='bbox 73 840 185 919; x_wconf 77' lang='lat' dir='ltr'>Vatic.</span> <span class='ocrx_word' id='word_1_33' title='bbox 211 854 402 933; x_wconf 83' lang='lat' dir='ltr'>codicibus3</span> <span class='ocrx_word' id='word_1_34' title='bbox 430 869 527 940; x_wconf 85' lang='lat' dir='ltr'>atque</span> <span class='ocrx_word' id='word_1_35' title='bbox 552 855 670 919; x_wconf 83' lang='lat' dir='ltr'>habere</span> <span class='ocrx_word' id='word_1_36' title='bbox 697 853 803 919; x_wconf 87' lang='lat' dir='ltr'>Rufini</span> <span class='ocrx_word' id='word_1_37' title='bbox 829 852 987 931; x_wconf 87' lang='lat' dir='ltr'><strong>codicem,</strong></span> <span class='ocrx_word' id='word_1_38' title='bbox 1015 870 1115 939; x_wconf 89' lang='lat' dir='ltr'>quem</span> 
     </span>
    </p>

    <p class='ocr_par' dir='ltr' id='par_1_7' title="bbox 75 936 1115 1087">
     <span class='ocr_line' id='line_1_7' title="bbox 75 936 1115 1023; baseline 0 -22"><span class='ocrx_word' id='word_1_39' title='bbox 75 936 231 1003; x_wconf 75' lang='lat' dir='ltr'>casemari</span> <span class='ocrx_word' id='word_1_40' title='bbox 252 938 425 1002; x_wconf 82' lang='lat' dir='ltr'>memoravi</span> <span class='ocrx_word' id='word_1_41' title='bbox 445 939 478 1001; x_wconf 93' lang='lat' dir='ltr'>in</span> <span class='ocrx_word' id='word_1_42' title='bbox 498 936 591 1003; x_wconf 81' lang='lat' dir='ltr'><strong>Colle</strong></span> <span class='ocrx_word' id='word_1_43' title='bbox 617 939 649 1002; x_wconf 93' lang='lat' dir='ltr'>io</span> <span class='ocrx_word' id='word_1_44' title='bbox 670 954 781 1003; x_wconf 91' lang='lat' dir='ltr'>nostro</span> <span class='ocrx_word' id='word_1_45' title='bbox 801 938 836 1003; x_wconf 91' lang='lat' dir='ltr'>S.</span> <span class='ocrx_word' id='word_1_46' title='bbox 851 938 1069 1023; x_wconf 83' lang='lat' dir='ltr'>Magdalenae,</span> <span class='ocrx_word' id='word_1_47' title='bbox 1083 947 1115 1001; x_wconf 77' lang='lat' dir='ltr'>et</span> 
     </span>
     <span class='ocr_line' id='line_1_8' title="bbox 591 961 616 1087; baseline 0 0"><span class='ocrx_word' id='word_1_48' title='bbox 591 961 616 1087; x_wconf 76' lang='lat' dir='ltr'>l</span> 
     </span>
    </p>
   </div>
   <div class='ocr_carea' id='block_1_3' title="bbox 66 1021 1134 4285">
    <p class='ocr_par' dir='ltr' id='par_1_8' title="bbox 75 1021 1116 1191">
     <span class='ocr_line' id='line_1_9' title="bbox 75 1021 1116 1109; baseline 0.002 -24"><span class='ocrx_word' id='word_1_49' title='bbox 75 1043 157 1087; x_wconf 77' lang='lat' dir='ltr'>unus</span> <span class='ocrx_word' id='word_1_50' title='bbox 170 1042 209 1085; x_wconf 80' lang='lat' dir='ltr'>ea</span> <span class='ocrx_word' id='word_1_51' title='bbox 223 1021 299 1105; x_wconf 79' lang='lat' dir='ltr'>ipsis</span> <span class='ocrx_word' id='word_1_52' title='bbox 311 1036 439 1108; x_wconf 79' lang='lat' dir='ltr'>arrepto</span> <span class='ocrx_word' id='word_1_53' title='bbox 454 1023 539 1087; x_wconf 78' lang='lat' dir='ltr'>fuste</span> <span class='ocrx_word' id='word_1_54' title='bbox 554 1023 600 1087; x_wconf 86' lang='lat' dir='ltr'>ful</span> <span class='ocrx_word' id='word_1_55' title='bbox 614 1023 695 1100; x_wconf 87' lang='lat' dir='ltr'>onis,</span> <span class='ocrx_word' id='word_1_56' title='bbox 707 1045 767 1109; x_wconf 89' lang='lat' dir='ltr'>pro</span> <span class='ocrx_word' id='word_1_57' title='bbox 783 1022 925 1107; x_wconf 85' lang='lat' dir='ltr'>vulgato,</span> <span class='ocrx_word' id='word_1_58' title='bbox 939 1032 969 1086; x_wconf 81' lang='lat' dir='ltr'>et</span> <span class='ocrx_word' id='word_1_59' title='bbox 983 1044 1062 1088; x_wconf 83' lang='lat' dir='ltr'>anus</span> <span class='ocrx_word' id='word_1_60' title='bbox 1075 1034 1116 1087; x_wconf 67' lang='lat' dir='ltr'>ert</span> 
     </span>
     <span class='ocr_line' id='line_1_10' title="bbox 75 1100 502 1191; baseline 0.002 -22"><span class='ocrx_word' id='word_1_61' title='bbox 75 1100 154 1189; x_wconf 72' lang='lat' dir='ltr'>ipsis</span> <span class='ocrx_word' id='word_1_62' title='bbox 168 1105 250 1170; x_wconf 83' lang='lat' dir='ltr'>fullo</span> <span class='ocrx_word' id='word_1_63' title='bbox 265 1119 392 1191; x_wconf 85' lang='lat' dir='ltr'>arrepto</span> <span class='ocrx_word' id='word_1_64' title='bbox 406 1107 502 1170; x_wconf 76' lang='lat' dir='ltr'>fuste⁴</span> 
     </span>
    </p>

    <p class='ocr_par' dir='ltr' id='par_1_9' title="bbox 66 1186 1119 1971">
     <span class='ocr_line' id='line_1_11' title="bbox 121 1186 1114 1277; baseline -0.002 -22"><span class='ocrx_word' id='word_1_65' title='bbox 121 1191 157 1255; x_wconf 85' lang='grc' dir='ltr'>Ρ.</span> <span class='ocrx_word' id='word_1_66' title='bbox 175 1196 243 1267; x_wconf 83' lang='grc'>196.</span> <span class='ocrx_word' id='word_1_67' title='bbox 258 1191 282 1253; x_wconf 87' lang='lat' dir='ltr'>l.</span> <span class='ocrx_word' id='word_1_68' title='bbox 295 1201 325 1252; x_wconf 81' lang='lat'>5.</span> <span class='ocrx_word' id='word_1_69' title='bbox 348 1186 395 1269; x_wconf 69' lang='lat' dir='ltr'>nul</span> <span class='ocrx_word' id='word_1_70' title='bbox 408 1189 518 1267; x_wconf 66' lang='grc' dir='ltr'><strong>ἔθαψαν</strong></span> <span class='ocrx_word' id='word_1_71' title='bbox 532 1188 614 1254; x_wconf 68' lang='lat' dir='ltr'>atrio</span> <span class='ocrx_word' id='word_1_72' title='bbox 629 1186 671 1254; x_wconf 66' lang='lat' dir='ltr'>lsi</span> <span class='ocrx_word' id='word_1_73' title='bbox 685 1198 726 1277; x_wconf 77' lang='grc' dir='ltr'>τῷ</span> <span class='ocrx_word' id='word_1_74' title='bbox 738 1190 813 1276; x_wconf 75' lang='lat' dir='ltr'>ro&#39;rrrp</span> <span class='ocrx_word' id='word_1_75' title='bbox 827 1195 912 1277; x_wconf 70' lang='lat' dir='ltr'>wopai</span> <span class='ocrx_word' id='word_1_76' title='bbox 924 1193 964 1275; x_wconf 81' lang='grc' dir='ltr'>τῷ</span> <span class='ocrx_word' id='word_1_77' title='bbox 979 1190 1048 1275; x_wconf 69' lang='grc' dir='ltr'>ναῷ]</span> <span class='ocrx_word' id='word_1_78' title='bbox 1065 1190 1114 1255; x_wconf 66' lang='grc' dir='ltr'>καὶ</span> 
     </span>
     <span class='ocr_line' id='line_1_12' title="bbox 75 1269 1116 1373; baseline 0.002 -36"><span class='ocrx_word' id='word_1_79' title='bbox 75 1269 189 1350; x_wconf 69' lang='grc' dir='ltr'>ἔθαψαν</span> <span class='ocrx_word' id='word_1_80' title='bbox 210 1275 293 1337; x_wconf 73' lang='lat' dir='ltr'>airis</span> <span class='ocrx_word' id='word_1_81' title='bbox 314 1277 341 1336; x_wconf 80' lang='lat' dir='ltr'>ir</span> <span class='ocrx_word' id='word_1_82' title='bbox 361 1280 402 1358; x_wconf 76' lang='grc' dir='ltr'>τῷ</span> <span class='ocrx_word' id='word_1_83' title='bbox 420 1275 506 1360; x_wconf 75' lang='grc' dir='ltr'><strong><em>τόπῳ.</em></strong></span> <span class='ocrx_word' id='word_1_84' title='bbox 543 1277 594 1339; x_wconf 84' lang='lat' dir='ltr'>Ita</span> <span class='ocrx_word' id='word_1_85' title='bbox 613 1277 744 1362; x_wconf 88' lang='lat' dir='ltr'>quidem</span> <span class='ocrx_word' id='word_1_86' title='bbox 763 1274 867 1339; x_wconf 86' lang='lat' dir='ltr'>codex</span> <span class='ocrx_word' id='word_1_87' title='bbox 881 1275 1002 1359; x_wconf 78' lang='lat' dir='ltr'>Regius</span> <span class='ocrx_word' id='word_1_88' title='bbox 1017 1290 1116 1373; x_wconf 82' lang='lat' dir='ltr'>quem</span> 
     </span>
     <span class='ocr_line' id='line_1_13' title="bbox 75 1358 1117 1457; baseline 0.003 -36"><span class='ocrx_word' id='word_1_89' title='bbox 75 1372 210 1422; x_wconf 82' lang='lat' dir='ltr'>secutus</span> <span class='ocrx_word' id='word_1_90' title='bbox 231 1372 282 1422; x_wconf 75' lang='lat' dir='ltr'>est</span> <span class='ocrx_word' id='word_1_91' title='bbox 301 1358 494 1457; x_wconf 78' lang='lat' dir='ltr'>Stephanus.</span> <span class='ocrx_word' id='word_1_92' title='bbox 529 1361 651 1424; x_wconf 87' lang='lat' dir='ltr'>Verum</span> <span class='ocrx_word' id='word_1_93' title='bbox 669 1360 783 1445; x_wconf 76' lang='lat' dir='ltr'>reliqui</span> <span class='ocrx_word' id='word_1_94' title='bbox 798 1374 874 1436; x_wconf 86' lang='lat' dir='ltr'>tres,</span> <span class='ocrx_word' id='word_1_95' title='bbox 888 1360 977 1423; x_wconf 78' lang='lat' dir='ltr'>Mac.</span> <span class='ocrx_word' id='word_1_96' title='bbox 993 1358 1117 1424; x_wconf 80' lang='lat' dir='ltr'>scilicet</span> 
     </span>
     <span class='ocr_line' id='line_1_14' title="bbox 66 1439 1118 1529; baseline -0.002 -20"><span class='ocrx_word' id='word_1_97' title='bbox 66 1440 171 1509; x_wconf 75' lang='lat' dir='ltr'>Med.</span> <span class='ocrx_word' id='word_1_98' title='bbox 187 1462 225 1506; x_wconf 86' lang='lat' dir='ltr'>ac</span> <span class='ocrx_word' id='word_1_99' title='bbox 240 1439 381 1521; x_wconf 75' lang='lat' dir='ltr'>Fuketir,</span> <span class='ocrx_word' id='word_1_100' title='bbox 393 1442 518 1529; x_wconf 82' lang='lat' dir='ltr'>aliquot</span> <span class='ocrx_word' id='word_1_101' title='bbox 531 1444 652 1507; x_wconf 89' lang='lat' dir='ltr'>voculis</span> <span class='ocrx_word' id='word_1_102' title='bbox 668 1444 826 1508; x_wconf 83' lang='lat' dir='ltr'>auctiores</span> <span class='ocrx_word' id='word_1_103' title='bbox 842 1456 917 1506; x_wconf 84' lang='lat' dir='ltr'>sunt</span> <span class='ocrx_word' id='word_1_104' title='bbox 931 1441 992 1507; x_wconf 93' lang='lat' dir='ltr'>hoc</span> <span class='ocrx_word' id='word_1_105' title='bbox 1005 1442 1118 1522; x_wconf 81' lang='lat' dir='ltr'>modo,</span> 
     </span>
     <span class='ocr_line' id='line_1_15' title="bbox 75 1526 1116 1613; baseline 0.002 -25"><span class='ocrx_word' id='word_1_106' title='bbox 75 1527 126 1606; x_wconf 64' lang='lat' dir='ltr'>aa)</span> <span class='ocrx_word' id='word_1_107' title='bbox 147 1526 260 1603; x_wconf 57' lang='lat' dir='ltr'>isaim</span> <span class='ocrx_word' id='word_1_108' title='bbox 282 1528 364 1589; x_wconf 74' lang='lat' dir='ltr'>ciria</span> <span class='ocrx_word' id='word_1_109' title='bbox 385 1528 427 1599; x_wconf 67' lang='grc' dir='ltr'>ἐπὶ</span> <span class='ocrx_word' id='word_1_110' title='bbox 448 1534 488 1611; x_wconf 75' lang='grc' dir='ltr'>τῷ</span> <span class='ocrx_word' id='word_1_111' title='bbox 505 1527 580 1611; x_wconf 68' lang='grc' dir='ltr'>τόπῳ</span> <span class='ocrx_word' id='word_1_112' title='bbox 600 1532 684 1611; x_wconf 67' lang='grc' dir='ltr'>παρὰ</span> <span class='ocrx_word' id='word_1_113' title='bbox 700 1534 739 1612; x_wconf 75' lang='grc' dir='ltr'>τῷ</span> <span class='ocrx_word' id='word_1_114' title='bbox 755 1532 820 1611; x_wconf 77' lang='grc' dir='ltr'><em>ναῷ.</em></span> <span class='ocrx_word' id='word_1_115' title='bbox 859 1529 966 1613; x_wconf 73' lang='lat' dir='ltr'>Quam</span> <span class='ocrx_word' id='word_1_116' title='bbox 984 1526 1116 1612; x_wconf 69' lang='lat' dir='ltr'>quide&#39;nl</span> 
     </span>
     <span class='ocr_line' id='line_1_16' title="bbox 74 1608 1117 1695; baseline 0.002 -20"><span class='ocrx_word' id='word_1_117' title='bbox 74 1608 251 1675; x_wconf 85' lang='lat' dir='ltr'>lectionem</span> <span class='ocrx_word' id='word_1_118' title='bbox 271 1609 440 1674; x_wconf 82' lang='lat' dir='ltr'>confirmat</span> <span class='ocrx_word' id='word_1_119' title='bbox 460 1612 668 1695; x_wconf 85' lang='lat' dir='ltr'>Nicephorus</span> <span class='ocrx_word' id='word_1_120' title='bbox 683 1633 721 1674; x_wconf 87' lang='lat' dir='ltr'>ac</span> <span class='ocrx_word' id='word_1_121' title='bbox 741 1611 885 1675; x_wconf 84' lang='lat' dir='ltr'>Rufinus.</span> <span class='ocrx_word' id='word_1_122' title='bbox 907 1612 1117 1677; x_wconf 74' lang='lat' dir='ltr'>Vanssrus.</span> 
     </span>
     <span class='ocr_line' id='line_1_17' title="bbox 75 1693 1119 1779; baseline 0.003 -20"><span class='ocrx_word' id='word_1_123' title='bbox 75 1694 167 1759; x_wconf 80' lang='lat' dir='ltr'>Ante</span> <span class='ocrx_word' id='word_1_124' title='bbox 185 1714 238 1759; x_wconf 87' lang='lat' dir='ltr'>me</span> <span class='ocrx_word' id='word_1_125' title='bbox 259 1694 423 1759; x_wconf 87' lang='lat' dir='ltr'>Strothiuo</span> <span class='ocrx_word' id='word_1_126' title='bbox 437 1695 520 1759; x_wconf 86' lang='lat' dir='ltr'>hanc</span> <span class='ocrx_word' id='word_1_127' title='bbox 535 1695 705 1759; x_wconf 88' lang='lat' dir='ltr'>lectionem</span> <span class='ocrx_word' id='word_1_128' title='bbox 723 1707 895 1779; x_wconf 83' lang='lat' dir='ltr'>receperat,</span> <span class='ocrx_word' id='word_1_129' title='bbox 911 1708 992 1757; x_wconf 88' lang='lat' dir='ltr'>teste</span> <span class='ocrx_word' id='word_1_130' title='bbox 1005 1693 1119 1765; x_wconf 86' lang='lat' dir='ltr'>addito.</span> 
     </span>
     <span class='ocr_line' id='line_1_18' title="bbox 77 1773 1119 1845; baseline 0.002 -2"><span class='ocrx_word' id='word_1_131' title='bbox 77 1777 200 1843; x_wconf 73' lang='lat' dir='ltr'>Codicis</span> <span class='ocrx_word' id='word_1_132' title='bbox 214 1773 320 1843; x_wconf 79' lang='lat' dir='ltr'>Veneti</span> <span class='ocrx_word' id='word_1_133' title='bbox 342 1778 443 1843; x_wconf 80' lang='lat' dir='ltr'>Lectt.</span> <span class='ocrx_word' id='word_1_134' title='bbox 466 1781 519 1843; x_wconf 93' lang='lat' dir='ltr'>cui</span> <span class='ocrx_word' id='word_1_135' title='bbox 541 1801 626 1843; x_wconf 90' lang='lat' dir='ltr'>nunc</span> <span class='ocrx_word' id='word_1_136' title='bbox 647 1779 805 1843; x_wconf 87' lang='lat' dir='ltr'>accedunt</span> <span class='ocrx_word' id='word_1_137' title='bbox 829 1777 924 1842; x_wconf 74' lang='lat' dir='ltr'>codd.</span> <span class='ocrx_word' id='word_1_138' title='bbox 947 1777 1044 1841; x_wconf 84' lang='lat' dir='ltr'>Sovll.</span> <span class='ocrx_word' id='word_1_139' title='bbox 1060 1798 1119 1845; x_wconf 77' lang='lat' dir='ltr'>seu</span> 
     </span>
     <span class='ocr_line' id='line_1_19' title="bbox 75 1860 1118 1971; baseline 0 -44"><span class='ocrx_word' id='word_1_140' title='bbox 75 1861 173 1927; x_wconf 82' lang='lat' dir='ltr'>Bodl.</span> <span class='ocrx_word' id='word_1_141' title='bbox 188 1875 222 1927; x_wconf 87' lang='lat' dir='ltr'>et</span> <span class='ocrx_word' id='word_1_142' title='bbox 236 1860 375 1948; x_wconf 83' lang='lat' dir='ltr'>Norfolc.</span> <span class='ocrx_word' id='word_1_143' title='bbox 395 1884 470 1927; x_wconf 87' lang='lat' dir='ltr'>cum</span> <span class='ocrx_word' id='word_1_144' title='bbox 485 1863 656 1971; x_wconf 60' lang='lat' dir='ltr'>Hepesippi</span> <span class='ocrx_word' id='word_1_145' title='bbox 670 1863 839 1948; x_wconf 67' lang='lat' dir='ltr'>Exempto.</span> <span class='ocrx_word' id='word_1_146' title='bbox 863 1862 1016 1948; x_wconf 81' lang='lat' dir='ltr'>Georgius</span> <span class='ocrx_word' id='word_1_147' title='bbox 1038 1863 1118 1927; x_wconf 85' lang='lat' dir='ltr'>item</span> 
     </span>
    </p>

    <p class='ocr_par' dir='ltr' id='par_1_10' title="bbox 74 1945 1122 2433">
     <span class='ocr_line' id='line_1_20' title="bbox 125 1945 1118 2033; baseline 0.002 -23"><span class='ocrx_word' id='word_1_148' title='bbox 125 1945 244 2011; x_wconf 71' lang='lat' dir='ltr'>acellae</span> <span class='ocrx_word' id='word_1_149' title='bbox 264 1946 361 2010; x_wconf 89' lang='lat' dir='ltr'>habet</span> <span class='ocrx_word' id='word_1_150' title='bbox 382 1949 424 2010; x_wconf 75' lang='grc' dir='ltr'>ἐπὶ</span> <span class='ocrx_word' id='word_1_151' title='bbox 445 1948 486 2031; x_wconf 76' lang='grc' dir='ltr'>τῷ</span> <span class='ocrx_word' id='word_1_152' title='bbox 506 1974 580 2033; x_wconf 65' lang='lat' dir='ltr'>mo</span> <span class='ocrx_word' id='word_1_153' title='bbox 600 1953 637 2011; x_wconf 74' lang='grc' dir='ltr'>τῦ</span> <span class='ocrx_word' id='word_1_154' title='bbox 658 1954 723 2026; x_wconf 75' lang='lat' dir='ltr'>vai,</span> <span class='ocrx_word' id='word_1_155' title='bbox 746 1946 834 2033; x_wconf 91' lang='lat' dir='ltr'>apud</span> <span class='ocrx_word' id='word_1_156' title='bbox 855 1969 963 2032; x_wconf 86' lang='lat' dir='ltr'>quern,</span> <span class='ocrx_word' id='word_1_157' title='bbox 979 1947 1062 2012; x_wconf 81' lang='lat' dir='ltr'>sicut</span> <span class='ocrx_word' id='word_1_158' title='bbox 1084 1949 1118 2012; x_wconf 86' lang='lat' dir='ltr'>in</span> 
     </span>
     <span class='ocr_line' id='line_1_21' title="bbox 76 2030 1119 2117; baseline 0 -22"><span class='ocrx_word' id='word_1_159' title='bbox 76 2030 85 2046; x_wconf 81' lang='lat'>‘</span> <span class='ocrx_word' id='word_1_160' title='bbox 114 2052 137 2095; x_wconf 94' lang='lat' dir='ltr'>o</span> <span class='ocrx_word' id='word_1_161' title='bbox 152 2032 310 2115; x_wconf 75' lang='lat' dir='ltr'>Eecerpto</span> <span class='ocrx_word' id='word_1_162' title='bbox 325 2030 417 2095; x_wconf 80' lang='lat' dir='ltr'>Bodl.</span> <span class='ocrx_word' id='word_1_163' title='bbox 432 2031 523 2096; x_wconf 84' lang='lat' dir='ltr'><strong>deest</strong></span> <span class='ocrx_word' id='word_1_164' title='bbox 537 2033 696 2117; x_wconf 84' lang='lat' dir='ltr'>pericope,</span> <span class='ocrx_word' id='word_1_165' title='bbox 712 2031 759 2111; x_wconf 69' lang='lat' dir='ltr'>noi</span> <span class='ocrx_word' id='word_1_166' title='bbox 773 2031 812 2095; x_wconf 73' lang='lat' dir='ltr'>ira</span> <span class='ocrx_word' id='word_1_167' title='bbox 828 2032 900 2093; x_wconf 71' lang='lat' dir='ltr'>ariri</span> <span class='ocrx_word' id='word_1_168' title='bbox 922 2038 937 2108; x_wconf 83' lang='grc' dir='ltr'><strong>ἡ</strong></span> <span class='ocrx_word' id='word_1_169' title='bbox 961 2031 1031 2115; x_wconf 64' lang='lat' dir='ltr'>rim)</span> <span class='ocrx_word' id='word_1_170' title='bbox 1073 2032 1119 2101; x_wconf 73' lang='lat' dir='ltr'>‘ror</span> 
     </span>
     <span class='ocr_line' id='line_1_22' title="bbox 74 2114 1117 2202; baseline 0.002 -23"><span class='ocrx_word' id='word_1_171' title='bbox 74 2120 165 2199; x_wconf 66' lang='lat' dir='ltr'>napa</span> <span class='ocrx_word' id='word_1_172' title='bbox 183 2120 225 2177; x_wconf 74' lang='lat' dir='ltr'>rui</span> <span class='ocrx_word' id='word_1_173' title='bbox 242 2120 309 2200; x_wconf 67' lang='grc' dir='ltr'>ναῷ,</span> <span class='ocrx_word' id='word_1_174' title='bbox 324 2137 421 2200; x_wconf 88' lang='lat' dir='ltr'>quam</span> <span class='ocrx_word' id='word_1_175' title='bbox 437 2116 539 2179; x_wconf 85' lang='lat' dir='ltr'>nescit</span> <span class='ocrx_word' id='word_1_176' title='bbox 554 2131 642 2181; x_wconf 89' lang='lat' dir='ltr'>vetus</span> <span class='ocrx_word' id='word_1_177' title='bbox 657 2137 723 2202; x_wconf 86' lang='lat' dir='ltr'>quo</span> <span class='ocrx_word' id='word_1_178' title='bbox 747 2137 788 2180; x_wconf 84' lang='lat' dir='ltr'>ue</span> <span class='ocrx_word' id='word_1_179' title='bbox 802 2116 884 2179; x_wconf 89' lang='lat' dir='ltr'>inter</span> <span class='ocrx_word' id='word_1_180' title='bbox 907 2136 957 2179; x_wconf 86' lang='lat' dir='ltr'>res</span> <span class='ocrx_word' id='word_1_181' title='bbox 976 2114 1024 2179; x_wconf 85' lang='lat' dir='ltr'>Ru</span> <span class='ocrx_word' id='word_1_182' title='bbox 1048 2139 1117 2199; x_wconf 79' lang='lat' dir='ltr'>nur.</span> 
     </span>
     <span class='ocr_line' id='line_1_23' title="bbox 76 2139 1122 2285; baseline 0.002 -22"><span class='ocrx_word' id='word_1_183' title='bbox 76 2198 156 2263; x_wconf 88' lang='lat' dir='ltr'>Hoc</span> <span class='ocrx_word' id='word_1_184' title='bbox 169 2178 378 2265; x_wconf 85' lang='lat' dir='ltr'>solummodo</span> <span class='ocrx_word' id='word_1_185' title='bbox 392 2199 491 2264; x_wconf 88' lang='lat' dir='ltr'>habet</span> <span class='ocrx_word' id='word_1_186' title='bbox 504 2201 601 2264; x_wconf 85' lang='lat' dir='ltr'>etiarn</span> <span class='ocrx_word' id='word_1_187' title='bbox 617 2139 866 2285; x_wconf 77' lang='lat' dir='ltr'>Metaplrrastes‚</span> <span class='ocrx_word' id='word_1_188' title='bbox 914 2222 931 2261; x_wconf 90' lang='lat' dir='ltr'>e</span> <span class='ocrx_word' id='word_1_189' title='bbox 944 2200 1044 2283; x_wconf 68' lang='lat' dir='ltr'>[lebete</span> <span class='ocrx_word' id='word_1_190' title='bbox 1057 2203 1122 2265; x_wconf 59' lang='lat' dir='ltr'>Joae</span> 
     </span>
     <span class='ocr_line' id='line_1_24' title="bbox 78 2276 1117 2369; baseline 0.003 -24"><span class='ocrx_word' id='word_1_191' title='bbox 78 2282 155 2361; x_wconf 76' lang='lat' dir='ltr'>coli,</span> <span class='ocrx_word' id='word_1_192' title='bbox 170 2304 202 2368; x_wconf 88' lang='lat' dir='ltr'>p.</span> <span class='ocrx_word' id='word_1_193' title='bbox 215 2290 286 2347; x_wconf 81' lang='lat'><strong>⁵26.</strong></span> <span class='ocrx_word' id='word_1_194' title='bbox 300 2284 321 2369; x_wconf 57' lang='lat' dir='ltr'>a}</span> <span class='ocrx_word' id='word_1_195' title='bbox 338 2276 468 2358; x_wconf 68' lang='grc' dir='ltr'>λαὲὅντες</span> <span class='ocrx_word' id='word_1_196' title='bbox 488 2285 580 2362; x_wconf 75' lang='grc' dir='ltr'>αὐτὸν,</span> <span class='ocrx_word' id='word_1_197' title='bbox 594 2281 723 2347; x_wconf 68' lang='grc' dir='ltr'>θᾶπῑουσι</span> <span class='ocrx_word' id='word_1_198' title='bbox 737 2285 860 2362; x_wconf 58' lang='lat' dir='ltr'>varietur</span> <span class='ocrx_word' id='word_1_199' title='bbox 874 2288 912 2345; x_wconf 77' lang='grc' dir='ltr'><strong>τέ</strong></span> <span class='ocrx_word' id='word_1_200' title='bbox 927 2281 978 2344; x_wconf 71' lang='lat' dir='ltr'>rari</span> <span class='ocrx_word' id='word_1_201' title='bbox 992 2280 1028 2347; x_wconf 69' lang='lat' dir='ltr'>ri</span> <span class='ocrx_word' id='word_1_202' title='bbox 1042 2290 1117 2349; x_wconf 65' lang='grc' dir='ltr'>Θέῦ.</span> 
     </span>
     <span class='ocr_line' id='line_1_25' title="bbox 77 2367 327 2433; baseline -0.016 0"><span class='ocrx_word' id='word_1_203' title='bbox 77 2367 132 2433; x_wconf 84' lang='lat' dir='ltr'>ed.</span> <span class='ocrx_word' id='word_1_204' title='bbox 150 2367 327 2432; x_wconf 83' lang='lat' dir='ltr'>combefis.</span> 
     </span>
    </p>

    <p class='ocr_par' dir='ltr' id='par_1_11' title="bbox 72 2448 1134 4231">
     <span class='ocr_line' id='line_1_26' title="bbox 124 2448 1118 2539; baseline 0.001 -24"><span class='ocrx_word' id='word_1_205' title='bbox 124 2452 210 2517; x_wconf 81' lang='lat' dir='ltr'>Ibid.</span> <span class='ocrx_word' id='word_1_206' title='bbox 224 2448 248 2516; x_wconf 88' lang='lat' dir='ltr'>l.</span> <span class='ocrx_word' id='word_1_207' title='bbox 258 2458 290 2516; x_wconf 84' lang='grc'>6.</span> <span class='ocrx_word' id='word_1_208' title='bbox 312 2450 359 2531; x_wconf 71' lang='grc' dir='ltr'>κα)</span> <span class='ocrx_word' id='word_1_209' title='bbox 380 2450 419 2516; x_wconf 78' lang='grc' dir='ltr'>ἔτι</span> <span class='ocrx_word' id='word_1_210' title='bbox 441 2456 526 2514; x_wconf 76' lang='grc' dir='ltr'><em>αὑτοῦ</em></span> <span class='ocrx_word' id='word_1_211' title='bbox 547 2458 564 2528; x_wconf 77' lang='grc' dir='ltr'><strong>ἡ</strong></span> <span class='ocrx_word' id='word_1_212' title='bbox 584 2451 654 2528; x_wconf 80' lang='grc' dir='ltr'>ςῆλη</span> <span class='ocrx_word' id='word_1_213' title='bbox 674 2451 747 2532; x_wconf 67' lang='grc' dir='ltr'><strong><em>μένει</em></strong></span> <span class='ocrx_word' id='word_1_214' title='bbox 768 2456 854 2537; x_wconf 66' lang='grc' dir='ltr'>παρὰ</span> <span class='ocrx_word' id='word_1_215' title='bbox 872 2456 913 2536; x_wconf 74' lang='grc' dir='ltr'>τῷ</span> <span class='ocrx_word' id='word_1_216' title='bbox 930 2454 999 2538; x_wconf 66' lang='grc' dir='ltr'>ναῷ]</span> <span class='ocrx_word' id='word_1_217' title='bbox 1024 2453 1118 2539; x_wconf 65' lang='lat' dir='ltr'>Quo·</span> 
     </span>
     <span class='ocr_line' id='line_1_27' title="bbox 77 2532 1119 2621; baseline 0.003 -22"><span class='ocrx_word' id='word_1_218' title='bbox 77 2535 181 2601; x_wconf 83' lang='lat' dir='ltr'>modo</span> <span class='ocrx_word' id='word_1_219' title='bbox 196 2535 260 2600; x_wconf 87' lang='lat' dir='ltr'>fieri</span> <span class='ocrx_word' id='word_1_220' title='bbox 275 2549 394 2621; x_wconf 83' lang='lat' dir='ltr'>potest,</span> <span class='ocrx_word' id='word_1_221' title='bbox 406 2549 445 2601; x_wconf 90' lang='lat' dir='ltr'>ut</span> <span class='ocrx_word' id='word_1_222' title='bbox 456 2536 509 2600; x_wconf 91' lang='lat' dir='ltr'>hic</span> <span class='ocrx_word' id='word_1_223' title='bbox 523 2535 636 2620; x_wconf 85' lang='lat' dir='ltr'>cippus</span> <span class='ocrx_word' id='word_1_224' title='bbox 653 2536 698 2615; x_wconf 83' lang='lat' dir='ltr'>(id</span> <span class='ocrx_word' id='word_1_225' title='bbox 713 2536 799 2599; x_wconf 86' lang='lat' dir='ltr'>enirn</span> <span class='ocrx_word' id='word_1_226' title='bbox 814 2532 973 2620; x_wconf 83' lang='lat' dir='ltr'>significat</span> <span class='ocrx_word' id='word_1_227' title='bbox 985 2538 1067 2615; x_wconf 65' lang='lat' dir='ltr'>riae,</span> <span class='ocrx_word' id='word_1_228' title='bbox 1081 2549 1119 2603; x_wconf 85' lang='lat' dir='ltr'>ut</span> 
     </span>
     <span class='ocr_line' id='line_1_28' title="bbox 78 2619 1119 2706; baseline 0.001 -21"><span class='ocrx_word' id='word_1_229' title='bbox 78 2640 176 2705; x_wconf 70' lang='lat' dir='ltr'>cupro</span> <span class='ocrx_word' id='word_1_230' title='bbox 190 2620 382 2704; x_wconf 75' lang='lat' dir='ltr'>notavimus)</span> <span class='ocrx_word' id='word_1_231' title='bbox 396 2634 430 2684; x_wconf 90' lang='lat' dir='ltr'>et</span> <span class='ocrx_word' id='word_1_232' title='bbox 444 2620 508 2684; x_wconf 94' lang='lat' dir='ltr'>hoc</span> <span class='ocrx_word' id='word_1_233' title='bbox 522 2621 636 2684; x_wconf 90' lang='lat' dir='ltr'>Jacobi</span> <span class='ocrx_word' id='word_1_234' title='bbox 651 2621 835 2706; x_wconf 85' lang='lat' dir='ltr'>sepulerum</span> <span class='ocrx_word' id='word_1_235' title='bbox 849 2619 956 2685; x_wconf 84' lang='lat' dir='ltr'>adhuc</span> <span class='ocrx_word' id='word_1_236' title='bbox 969 2642 1119 2706; x_wconf 80' lang='lat' dir='ltr'>pennen-</span> 
     </span>
     <span class='ocr_line' id='line_1_29' title="bbox 78 2704 1119 2792; baseline -0.001 -23"><span class='ocrx_word' id='word_1_237' title='bbox 78 2705 158 2769; x_wconf 77' lang='lat' dir='ltr'>serit</span> <span class='ocrx_word' id='word_1_238' title='bbox 171 2719 247 2789; x_wconf 89' lang='lat' dir='ltr'>post</span> <span class='ocrx_word' id='word_1_239' title='bbox 260 2704 372 2769; x_wconf 90' lang='lat' dir='ltr'>urbem</span> <span class='ocrx_word' id='word_1_240' title='bbox 395 2727 415 2767; x_wconf 86' lang='lat' dir='ltr'>a</span> <span class='ocrx_word' id='word_1_241' title='bbox 437 2705 588 2769; x_wconf 86' lang='lat' dir='ltr'>Romanis</span> <span class='ocrx_word' id='word_1_242' title='bbox 605 2706 765 2768; x_wconf 77' lang='lat' dir='ltr'>excisam?</span> <span class='ocrx_word' id='word_1_243' title='bbox 797 2704 861 2768; x_wconf 88' lang='lat' dir='ltr'>Sed</span> <span class='ocrx_word' id='word_1_244' title='bbox 883 2727 989 2792; x_wconf 90' lang='lat' dir='ltr'>neque</span> <span class='ocrx_word' id='word_1_245' title='bbox 1010 2706 1119 2769; x_wconf 85' lang='lat' dir='ltr'>verisi-</span> 
     </span>
     <span class='ocr_line' id='line_1_30' title="bbox 79 2788 1119 2875; baseline 0.003 -23"><span class='ocrx_word' id='word_1_246' title='bbox 79 2788 159 2853; x_wconf 86' lang='lat' dir='ltr'>mile</span> <span class='ocrx_word' id='word_1_247' title='bbox 178 2800 228 2853; x_wconf 80' lang='lat' dir='ltr'>est</span> <span class='ocrx_word' id='word_1_248' title='bbox 249 2788 338 2874; x_wconf 87' lang='lat' dir='ltr'>quod</span> <span class='ocrx_word' id='word_1_249' title='bbox 359 2789 406 2853; x_wconf 87' lang='lat' dir='ltr'>ait</span> <span class='ocrx_word' id='word_1_250' title='bbox 424 2789 644 2873; x_wconf 71' lang='lat' dir='ltr'>Hegesippu8‚</span> <span class='ocrx_word' id='word_1_251' title='bbox 665 2790 684 2853; x_wconf 93' lang='lat' dir='ltr'>J</span> <span class='ocrx_word' id='word_1_252' title='bbox 687 2790 826 2853; x_wconf 76' lang='lat' dir='ltr'>coebum</span> <span class='ocrx_word' id='word_1_253' title='bbox 846 2789 940 2875; x_wconf 85' lang='lat' dir='ltr'>juxta</span> <span class='ocrx_word' id='word_1_254' title='bbox 960 2788 1119 2875; x_wconf 84' lang='lat' dir='ltr'>templum</span> 
     </span>
     <span class='ocr_line' id='line_1_31' title="bbox 79 2872 1120 2960; baseline 0.001 -23"><span class='ocrx_word' id='word_1_255' title='bbox 79 2872 245 2957; x_wconf 75' lang='lat' dir='ltr'>sepultum</span> <span class='ocrx_word' id='word_1_256' title='bbox 260 2874 369 2937; x_wconf 83' lang='lat' dir='ltr'>fuisse.</span> <span class='ocrx_word' id='word_1_257' title='bbox 412 2873 500 2937; x_wconf 83' lang='lat' dir='ltr'>Nam</span> <span class='ocrx_word' id='word_1_258' title='bbox 514 2873 534 2936; x_wconf 88' lang='lat' dir='ltr'>J</span> <span class='ocrx_word' id='word_1_259' title='bbox 538 2873 621 2935; x_wconf 84' lang='lat' dir='ltr'>udaei</span> <span class='ocrx_word' id='word_1_260' title='bbox 639 2887 729 2937; x_wconf 82' lang='lat' dir='ltr'>extra</span> <span class='ocrx_word' id='word_1_261' title='bbox 750 2875 863 2937; x_wconf 87' lang='lat' dir='ltr'>urbem</span> <span class='ocrx_word' id='word_1_262' title='bbox 885 2895 1021 2960; x_wconf 78' lang='lat' dir='ltr'>corpora</span> <span class='ocrx_word' id='word_1_263' title='bbox 1041 2896 1120 2938; x_wconf 71' lang='lat' dir='ltr'>con·</span> 
     </span>
     <span class='ocr_line' id='line_1_32' title="bbox 78 2956 1118 3042; baseline 0.002 -21"><span class='ocrx_word' id='word_1_264' title='bbox 78 2956 211 3034; x_wconf 84' lang='lat' dir='ltr'>debant,</span> <span class='ocrx_word' id='word_1_265' title='bbox 233 2969 271 3020; x_wconf 88' lang='lat' dir='ltr'>ut</span> <span class='ocrx_word' id='word_1_266' title='bbox 294 2957 370 3021; x_wconf 92' lang='lat' dir='ltr'>colli</span> <span class='ocrx_word' id='word_1_267' title='bbox 395 2978 450 3021; x_wconf 88' lang='lat' dir='ltr'>ere</span> <span class='ocrx_word' id='word_1_268' title='bbox 472 2971 522 3019; x_wconf 73' lang='lat' dir='ltr'>eet</span> <span class='ocrx_word' id='word_1_269' title='bbox 547 2969 617 3019; x_wconf 81' lang='lat' dir='ltr'>turn</span> <span class='ocrx_word' id='word_1_270' title='bbox 644 2978 683 3020; x_wconf 86' lang='lat' dir='ltr'>ex</span> <span class='ocrx_word' id='word_1_271' title='bbox 708 2957 895 3042; x_wconf 84' lang='lat' dir='ltr'>Evangelio,</span> <span class='ocrx_word' id='word_1_272' title='bbox 913 2973 983 3023; x_wconf 89' lang='lat' dir='ltr'>tum</span> <span class='ocrx_word' id='word_1_273' title='bbox 1007 2979 1047 3023; x_wconf 86' lang='lat' dir='ltr'>ex</span> <span class='ocrx_word' id='word_1_274' title='bbox 1068 2978 1118 3023; x_wconf 83' lang='lat' dir='ltr'>se·</span> 
     </span>
     <span class='ocr_line' id='line_1_33' title="bbox 78 3040 1119 3127; baseline 0.002 -22"><span class='ocrx_word' id='word_1_275' title='bbox 78 3040 196 3126; x_wconf 88' lang='lat' dir='ltr'>pulcro</span> <span class='ocrx_word' id='word_1_276' title='bbox 215 3040 352 3105; x_wconf 69' lang='lat' dir='ltr'>Helenae</span> <span class='ocrx_word' id='word_1_277' title='bbox 400 3040 611 3105; x_wconf 85' lang='lat' dir='ltr'>diabenorurn</span> <span class='ocrx_word' id='word_1_278' title='bbox 628 3041 759 3124; x_wconf 78' lang='lat' dir='ltr'>reginae,</span> <span class='ocrx_word' id='word_1_279' title='bbox 773 3042 813 3104; x_wconf 90' lang='lat' dir='ltr'>de</span> <span class='ocrx_word' id='word_1_280' title='bbox 851 3063 894 3105; x_wconf 93' lang='lat' dir='ltr'>uo</span> <span class='ocrx_word' id='word_1_281' title='bbox 908 3043 1052 3127; x_wconf 88' lang='lat' dir='ltr'>superius</span> <span class='ocrx_word' id='word_1_282' title='bbox 1067 3043 1119 3108; x_wconf 90' lang='lat' dir='ltr'>lo·</span> 
     </span>
     <span class='ocr_line' id='line_1_34' title="bbox 75 3064 1119 3211; baseline 0.001 -22"><span class='ocrx_word' id='word_1_283' title='bbox 75 3125 147 3191; x_wconf 88' lang='lat' dir='ltr'>cuti</span> <span class='ocrx_word' id='word_1_284' title='bbox 160 3146 286 3189; x_wconf 86' lang='lat' dir='ltr'>sumus.</span> <span class='ocrx_word' id='word_1_285' title='bbox 320 3125 442 3189; x_wconf 82' lang='lat' dir='ltr'>Mer-lto</span> <span class='ocrx_word' id='word_1_286' title='bbox 457 3125 557 3210; x_wconf 77' lang='lat' dir='ltr'>igitur</span> <span class='ocrx_word' id='word_1_287' title='bbox 572 3125 704 3189; x_wconf 84' lang='lat' dir='ltr'>Rufinus</span> <span class='ocrx_word' id='word_1_288' title='bbox 719 3064 920 3189; x_wconf 80' lang='lat' dir='ltr'>totamlranc</span> <span class='ocrx_word' id='word_1_289' title='bbox 935 3126 1119 3211; x_wconf 85' lang='lat' dir='ltr'>pericopern</span> 
     </span>
     <span class='ocr_line' id='line_1_35' title="bbox 75 3208 1118 3295; baseline 0.002 -22"><span class='ocrx_word' id='word_1_290' title='bbox 75 3208 111 3273; x_wconf 87' lang='lat' dir='ltr'>in</span> <span class='ocrx_word' id='word_1_291' title='bbox 125 3209 272 3275; x_wconf 80' lang='lat' dir='ltr'>versione</span> <span class='ocrx_word' id='word_1_292' title='bbox 287 3231 345 3273; x_wconf 83' lang='lat' dir='ltr'>sua</span> <span class='ocrx_word' id='word_1_293' title='bbox 359 3209 573 3294; x_wconf 83' lang='lat' dir='ltr'>praetcrmisit.</span> <span class='ocrx_word' id='word_1_294' title='bbox 608 3210 828 3295; x_wconf 85' lang='lat' dir='ltr'>Hieronymus</span> <span class='ocrx_word' id='word_1_295' title='bbox 842 3227 917 3274; x_wconf 89' lang='lat' dir='ltr'>vero</span> <span class='ocrx_word' id='word_1_296' title='bbox 932 3211 964 3274; x_wconf 93' lang='lat' dir='ltr'>in</span> <span class='ocrx_word' id='word_1_297' title='bbox 979 3208 1062 3273; x_wconf 91' lang='lat' dir='ltr'>libro</span> <span class='ocrx_word' id='word_1_298' title='bbox 1077 3210 1118 3275; x_wconf 82' lang='lat' dir='ltr'>de</span> 
     </span>
     <span class='ocr_line' id='line_1_36' title="bbox 72 3293 1122 3379; baseline 0.001 -22"><span class='ocrx_word' id='word_1_299' title='bbox 72 3294 141 3357; x_wconf 72' lang='lat' dir='ltr'>ueri</span> <span class='ocrx_word' id='word_1_300' title='bbox 164 3293 289 3359; x_wconf 79' lang='lat' dir='ltr'>toribus</span> <span class='ocrx_word' id='word_1_301' title='bbox 309 3293 551 3371; x_wconf 82' lang='lat' dir='ltr'>Ecclesiasticis‚</span> <span class='ocrx_word' id='word_1_302' title='bbox 565 3293 659 3357; x_wconf 86' lang='lat' dir='ltr'>cu&#39;us</span> <span class='ocrx_word' id='word_1_303' title='bbox 682 3294 822 3357; x_wconf 83' lang='lat' dir='ltr'>maxima</span> <span class='ocrx_word' id='word_1_304' title='bbox 840 3315 912 3379; x_wconf 86' lang='lat' dir='ltr'>pars</span> <span class='ocrx_word' id='word_1_305' title='bbox 929 3315 969 3358; x_wconf 82' lang='lat' dir='ltr'>ex</span> <span class='ocrx_word' id='word_1_306' title='bbox 986 3294 1122 3369; x_wconf 63' lang='lat' dir='ltr'>historia</span> 
     </span>
     <span class='ocr_line' id='line_1_37' title="bbox 73 3314 1122 3463; baseline 0.001 -22"><span class='ocrx_word' id='word_1_307' title='bbox 73 3314 304 3442; x_wconf 69' lang='lat' dir='ltr'>Ecclesiastico</span> <span class='ocrx_word' id='word_1_308' title='bbox 323 3378 453 3441; x_wconf 74' lang='lat' dir='ltr'>Eusebii</span> <span class='ocrx_word' id='word_1_309' title='bbox 478 3378 578 3442; x_wconf 87' lang='lat' dir='ltr'>nostri</span> <span class='ocrx_word' id='word_1_310' title='bbox 597 3316 769 3463; x_wconf 68' lang='lat' dir='ltr'>lesumpta</span> <span class='ocrx_word' id='word_1_311' title='bbox 783 3393 843 3455; x_wconf 90' lang='lat' dir='ltr'>est,</span> <span class='ocrx_word' id='word_1_312' title='bbox 858 3377 927 3441; x_wconf 84' lang='lat' dir='ltr'>haec</span> <span class='ocrx_word' id='word_1_313' title='bbox 941 3374 1061 3463; x_wconf 83' lang='lat' dir='ltr'>Hegesi</span> <span class='ocrx_word' id='word_1_314' title='bbox 1086 3377 1122 3463; x_wconf 89' lang='lat' dir='ltr'>pi</span> 
     </span>
     <span class='ocr_line' id='line_1_38' title="bbox 73 3454 1119 3548; baseline 0.002 -23"><span class='ocrx_word' id='word_1_315' title='bbox 73 3463 177 3525; x_wconf 76' lang='lat' dir='ltr'>verba</span> <span class='ocrx_word' id='word_1_316' title='bbox 189 3461 400 3547; x_wconf 81' lang='lat' dir='ltr'>interpretans</span> <span class='ocrx_word' id='word_1_317' title='bbox 418 3462 464 3527; x_wconf 90' lang='lat' dir='ltr'>ita</span> <span class='ocrx_word' id='word_1_318' title='bbox 477 3454 648 3526; x_wconf 87' lang='lat' dir='ltr'>emollivit:</span> <span class='ocrx_word' id='word_1_319' title='bbox 671 3460 812 3527; x_wconf 78' lang='lat' dir='ltr'>Titulam</span> <span class='ocrx_word' id='word_1_320' title='bbox 826 3483 922 3548; x_wconf 78' lang='lat' dir='ltr'>usque</span> <span class='ocrx_word' id='word_1_321' title='bbox 935 3462 977 3525; x_wconf 81' lang='lat' dir='ltr'>od</span> <span class='ocrx_word' id='word_1_322' title='bbox 990 3463 1052 3526; x_wconf 80' lang='lat' dir='ltr'>obs&#39;</span> <span class='ocrx_word' id='word_1_323' title='bbox 1074 3463 1119 3527; x_wconf 79' lang='lat' dir='ltr'>ic-</span> 
     </span>
     <span class='ocr_line' id='line_1_39' title="bbox 75 3542 1121 3626; baseline 0.003 -18"><span class='ocrx_word' id='word_1_324' title='bbox 75 3568 151 3609; x_wconf 80' lang='lat' dir='ltr'>nem</span> <span class='ocrx_word' id='word_1_325' title='bbox 174 3545 251 3623; x_wconf 78' lang='lat' dir='ltr'>Titi,</span> <span class='ocrx_word' id='word_1_326' title='bbox 269 3557 299 3609; x_wconf 86' lang='lat' dir='ltr'>et</span> <span class='ocrx_word' id='word_1_327' title='bbox 322 3545 466 3609; x_wconf 81' lang='lat' dir='ltr'>ultimam</span> <span class='ocrx_word' id='word_1_328' title='bbox 489 3545 660 3626; x_wconf 79' lang='lat' dir='ltr'>Hadriani,</span> <span class='ocrx_word' id='word_1_329' title='bbox 681 3542 874 3611; x_wconf 79' lang='lat' dir='ltr'>notissimum</span> <span class='ocrx_word' id='word_1_330' title='bbox 896 3546 1016 3609; x_wconf 72' lang='lat' dir='ltr'>holuit.</span> <span class='ocrx_word' id='word_1_331' title='bbox 1052 3544 1121 3611; x_wconf 87' lang='lat' dir='ltr'>Ubi</span> 
     </span>
     <span class='ocr_line' id='line_1_40' title="bbox 76 3624 1121 3715; baseline 0.002 -22"><span class='ocrx_word' id='word_1_332' title='bbox 76 3644 191 3693; x_wconf 79' lang='lat' dir='ltr'>tamen</span> <span class='ocrx_word' id='word_1_333' title='bbox 211 3628 291 3694; x_wconf 90' lang='lat' dir='ltr'>illud</span> <span class='ocrx_word' id='word_1_334' title='bbox 315 3631 450 3715; x_wconf 87' lang='lat' dir='ltr'>probare</span> <span class='ocrx_word' id='word_1_335' title='bbox 469 3653 533 3694; x_wconf 90' lang='lat' dir='ltr'>non</span> <span class='ocrx_word' id='word_1_336' title='bbox 549 3652 693 3715; x_wconf 86' lang='lat' dir='ltr'>possum,</span> <span class='ocrx_word' id='word_1_337' title='bbox 710 3631 799 3715; x_wconf 93' lang='lat' dir='ltr'>quod</span> <span class='ocrx_word' id='word_1_338' title='bbox 813 3629 855 3694; x_wconf 90' lang='lat' dir='ltr'>de</span> <span class='ocrx_word' id='word_1_339' title='bbox 870 3630 985 3695; x_wconf 83' lang='lat' dir='ltr'>ultima</span> <span class='ocrx_word' id='word_1_340' title='bbox 999 3624 1121 3695; x_wconf 84' lang='lat' dir='ltr'>Hadri-</span> 
     </span>
     <span class='ocr_line' id='line_1_41' title="bbox 77 3709 1122 3789; baseline 0.002 -13"><span class='ocrx_word' id='word_1_341' title='bbox 77 3714 133 3777; x_wconf 85' lang='lat' dir='ltr'>ani</span> <span class='ocrx_word' id='word_1_342' title='bbox 144 3713 315 3778; x_wconf 84' lang='lat' dir='ltr'>obsidione</span> <span class='ocrx_word' id='word_1_343' title='bbox 329 3709 419 3779; x_wconf 88' lang='lat' dir='ltr'>dicit.</span> <span class='ocrx_word' id='word_1_344' title='bbox 451 3717 539 3779; x_wconf 90' lang='lat' dir='ltr'>Nam</span> <span class='ocrx_word' id='word_1_345' title='bbox 554 3715 592 3777; x_wconf 88' lang='lat' dir='ltr'>in</span> <span class='ocrx_word' id='word_1_346' title='bbox 601 3737 642 3778; x_wconf 91' lang='lat' dir='ltr'>eo</span> <span class='ocrx_word' id='word_1_347' title='bbox 656 3722 786 3779; x_wconf 77' lang='lat' dir='ltr'>secutus</span> <span class='ocrx_word' id='word_1_348' title='bbox 800 3727 851 3778; x_wconf 89' lang='lat' dir='ltr'>est</span> <span class='ocrx_word' id='word_1_349' title='bbox 865 3735 1006 3777; x_wconf 86' lang='lat' dir='ltr'>errorem</span> <span class='ocrx_word' id='word_1_350' title='bbox 1021 3718 1122 3789; x_wconf 67' lang='lat' dir='ltr'>Eure.-</span> 
     </span>
     <span class='ocr_line' id='line_1_42' title="bbox 78 3797 1134 3896; baseline 0 -35"><span class='ocrx_word' id='word_1_351' title='bbox 78 3797 137 3875; x_wconf 90' lang='lat' dir='ltr'>bii,</span> <span class='ocrx_word' id='word_1_352' title='bbox 151 3816 249 3884; x_wconf 84' lang='lat' dir='ltr'>quem</span> <span class='ocrx_word' id='word_1_353' title='bbox 260 3798 455 3896; x_wconf 80' lang='lat' dir='ltr'>jampridem</span> <span class='ocrx_word' id='word_1_354' title='bbox 470 3799 523 3862; x_wconf 85' lang='lat' dir='ltr'>alii</span> <span class='ocrx_word' id='word_1_355' title='bbox 536 3799 753 3864; x_wconf 78' lang='lat' dir='ltr'>confutarunt.</span> <span class='ocrx_word' id='word_1_356' title='bbox 785 3799 884 3862; x_wconf 90' lang='lat' dir='ltr'>Porro</span> <span class='ocrx_word' id='word_1_357' title='bbox 899 3798 1134 3885; x_wconf 11' lang='lat' dir='ltr'>Hieronymus*</span> 
     </span>
     <span class='ocr_line' id='line_1_43' title="bbox 80 3881 1121 3968; baseline 0.002 -23"><span class='ocrx_word' id='word_1_358' title='bbox 80 3881 214 3947; x_wconf 83' lang='lat' dir='ltr'>titulum</span> <span class='ocrx_word' id='word_1_359' title='bbox 237 3882 329 3959; x_wconf 77' lang='lat' dir='ltr'>dixit,</span> <span class='ocrx_word' id='word_1_360' title='bbox 351 3902 411 3967; x_wconf 88' lang='lat' dir='ltr'>pro</span> <span class='ocrx_word' id='word_1_361' title='bbox 433 3904 474 3945; x_wconf 89' lang='lat' dir='ltr'>eo</span> <span class='ocrx_word' id='word_1_362' title='bbox 497 3883 586 3968; x_wconf 91' lang='lat' dir='ltr'>quod</span> <span class='ocrx_word' id='word_1_363' title='bbox 610 3884 643 3946; x_wconf 91' lang='lat' dir='ltr'>in</span> <span class='ocrx_word' id='word_1_364' title='bbox 665 3883 783 3946; x_wconf 86' lang='lat' dir='ltr'>Graeco</span> <span class='ocrx_word' id='word_1_365' title='bbox 804 3894 855 3947; x_wconf 83' lang='lat' dir='ltr'>eat</span> <span class='ocrx_word' id='word_1_366' title='bbox 876 3884 959 3959; x_wconf 70' lang='grc' dir='ltr'><strong><em>ςήλη.</em></strong></span> <span class='ocrx_word' id='word_1_367' title='bbox 995 3881 1121 3947; x_wconf 87' lang='lat' dir='ltr'>Eodem</span> 
     </span>
     <span class='ocr_line' id='line_1_44' title="bbox 83 3964 1119 4053; baseline 0.002 -24"><span class='ocrx_word' id='word_1_368' title='bbox 83 3986 177 4031; x_wconf 80' lang='lat' dir='ltr'>sensu</span> <span class='ocrx_word' id='word_1_369' title='bbox 195 3968 265 4042; x_wconf 71' lang='grc' dir='ltr'>ςήλη</span> <span class='ocrx_word' id='word_1_370' title='bbox 286 3966 405 4031; x_wconf 89' lang='lat' dir='ltr'>dicitur</span> <span class='ocrx_word' id='word_1_371' title='bbox 425 3967 457 4029; x_wconf 91' lang='lat' dir='ltr'>in</span> <span class='ocrx_word' id='word_1_372' title='bbox 479 3967 536 4031; x_wconf 91' lang='lat' dir='ltr'>lib.</span> <span class='ocrx_word' id='word_1_373' title='bbox 549 3968 581 4032; x_wconf 91' lang='lat' dir='ltr'>ii.</span> <span class='ocrx_word' id='word_1_374' title='bbox 599 3968 786 4052; x_wconf 86' lang='lat' dir='ltr'>Regnorum</span> <span class='ocrx_word' id='word_1_375' title='bbox 801 3986 873 4053; x_wconf 77' lang='lat' dir='ltr'>cap.</span> <span class='ocrx_word' id='word_1_376' title='bbox 888 3979 934 4030; x_wconf 82' lang='lat'>18.</span> <span class='ocrx_word' id='word_1_377' title='bbox 950 3964 1007 4031; x_wconf 90' lang='lat' dir='ltr'>ubi</span> <span class='ocrx_word' id='word_1_378' title='bbox 1021 3968 1119 4039; x_wconf 67' lang='lat' dir='ltr'>inter„-</span> 
     </span>
     <span class='ocr_line' id='line_1_45' title="bbox 84 4048 1121 4136; baseline 0.002 -23"><span class='ocrx_word' id='word_1_379' title='bbox 84 4048 299 4133; x_wconf 77' lang='lat' dir='ltr'>prestitutum</span> <span class='ocrx_word' id='word_1_380' title='bbox 318 4053 420 4115; x_wconf 86' lang='lat' dir='ltr'>vertit.</span> <span class='ocrx_word' id='word_1_381' title='bbox 464 4051 518 4115; x_wconf 90' lang='lat' dir='ltr'>Ad</span> <span class='ocrx_word' id='word_1_382' title='bbox 533 4073 629 4136; x_wconf 81' lang='lat' dir='ltr'>quarn</span> <span class='ocrx_word' id='word_1_383' title='bbox 644 4073 758 4115; x_wconf 88' lang='lat' dir='ltr'>vocem</span> <span class='ocrx_word' id='word_1_384' title='bbox 779 4051 813 4113; x_wconf 92' lang='lat' dir='ltr'>in</span> <span class='ocrx_word' id='word_1_385' title='bbox 834 4050 1050 4117; x_wconf 83' lang='lat' dir='ltr'>vetustissimo</span> <span class='ocrx_word' id='word_1_386' title='bbox 1064 4070 1121 4115; x_wconf 69' lang='grc' dir='ltr'>σοι·</span> 
     </span>
     <span class='ocr_line' id='line_1_46' title="bbox 86 4132 1122 4231; baseline -0.005 -28"><span class='ocrx_word' id='word_1_387' title='bbox 86 4132 153 4203; x_wconf 76' lang='lat' dir='ltr'>tice</span> <span class='ocrx_word' id='word_1_388' title='bbox 169 4136 340 4231; x_wconf 70' lang='lat' dir='ltr'>Macerino</span> <span class='ocrx_word' id='word_1_389' title='bbox 355 4134 419 4217; x_wconf 86' lang='lat' dir='ltr'>hoc</span> <span class='ocrx_word' id='word_1_390' title='bbox 433 4133 595 4203; x_wconf 84' lang='lat' dir='ltr'>scholium</span> <span class='ocrx_word' id='word_1_391' title='bbox 609 4135 807 4231; x_wconf 80' lang='lat' dir='ltr'>adscriptum</span> <span class='ocrx_word' id='word_1_392' title='bbox 828 4134 944 4201; x_wconf 78' lang='lat' dir='ltr'>inveni.</span> <span class='ocrx_word' id='word_1_393' title='bbox 966 4134 1035 4209; x_wconf 78' lang='lat' dir='ltr'>irio</span> <span class='ocrx_word' id='word_1_394' title='bbox 1050 4132 1122 4229; x_wconf 59' lang='lat' dir='ltr'>int</span> 
     </span>
    </p>

    <p class='ocr_par' dir='ltr' id='par_1_12' title="bbox 128 4234 1090 4285">
     <span class='ocr_line' id='line_1_47' title="bbox 128 4234 1090 4285; baseline 0.003 -2"><span class='ocrx_word' id='word_1_395' title='bbox 128 4234 220 4284; x_wconf 67' lang='lat' dir='ltr'>vot.</span> <span class='ocrx_word' id='word_1_396' title='bbox 237 4234 264 4284; x_wconf 85' lang='lat'>1.</span> <span class='ocrx_word' id='word_1_397' title='bbox 331 4259 335 4265; x_wconf 90' lang='lat'>-</span> <span class='ocrx_word' id='word_1_398' title='bbox 609 4240 634 4285; x_wconf 72' lang='lat' dir='ltr'>a</span> <span class='ocrx_word' id='word_1_399' title='bbox 1010 4244 1013 4249; x_wconf 91' lang='lat'>·</span> <span class='ocrx_word' id='word_1_400' title='bbox 1087 4236 1090 4240; x_wconf 82' lang='grc'><em>“</em></span> 
     </span>
    </p>
   </div>
   <div class='ocr_carea' id='block_1_4' title="bbox 0 0 1374 4748">
    <p class='ocr_par' dir='ltr' id='par_1_13' title="bbox 0 0 1374 4748">
     <span class='ocr_line' id='line_1_48' title="bbox 0 0 1374 4748; baseline 0 0"><span class='ocrx_word' id='word_1_401' title='bbox 0 0 1374 4748; x_wconf 95' lang='lat' dir='ltr'> </span> 
     </span>
    </p>
   </div>
  </div>
 </body>
</html>
