2716 4748
296 274 348 340 m
369 271 605 339 naussum
628 267 922 338 FRAGMENTA.
1062 279 1124 350 215

91 444 178 510 ficet.
222 443 287 529 Sed
304 457 340 510 ct
358 444 492 509 Rufinus
505 456 602 530 atque
614 442 817 530 Nicephorus
832 439 995 527 vulgatam
1009 435 1123 515 lectio-

90 552 166 595 nem
189 541 331 594 tuentur.
364 531 571 596 Vanusnm.
620 526 882 593 Convenientiam
911 522 996 587 vocis
1019 520 1123 597 atala

86 615 317 703 propugnaculi
333 614 444 700 populi
464 637 539 680 cum
561 614 660 680 altero
675 614 790 687 Δίκαιος
804 608 944 676 ostendit
966 607 1122 672 Samuelis

88 701 271 800 Basnagius
293 703 332 765 V.
344 701 389 765 D.
410 701 442 765 in
456 699 633 765 Annalibus
654 694 983 764 Patarico-Ecclesiam
1005 693 1047 758 ad
1069 715 1122 757 an.

90 785 215 851 chrisa
229 800 280 850 33.
303 808 392 850 uum.
416 800 480 850 185.
503 808 535 872 p.
554 799 624 850 430.
647 783 826 873 Hegesippi
849 779 1019 846 narrationi
1041 779 1121 844 alio-

112 871 170 936 uin
194 872 346 936 infensus.
390 872 443 936 De
466 872 596 936 nomine
616 870 702 934 Justi
721 870 846 935 Jacobo
870 866 1023 953 imposito
1047 887 1123 929 cum

87 894 282 1043 itegesippo
303 958 463 1022 consentit
478 957 628 1023 Clemens
642 955 736 1020 Alex.
752 957 784 1018 in
799 953 878 1018 libb.
895 966 985 1016 sexto
1000 962 1034 1014 et
1049 972 1122 1036 sep·

87 1041 172 1108 timo
187 1044 418 1192 Hypatoposeuv
432 1041 515 1129 apud
529 1043 650 1107 Euseb.
666 1041 766 1106 libii.
780 1039 867 1103 Hist.
882 1060 953 1124 cap.
969 1053 994 1100 1.
1016 1037 1123 1101 Taceo

87 1126 131 1191 de
143 1130 245 1214 Josep
268 1149 301 1207 0,
316 1129 469 1215 quoniam
484 1128 574 1192 locus
589 1127 659 1213 ejus
674 1127 736 1191 hue
752 1125 911 1212 pertinens
926 1124 967 1187 ab
983 1122 1124 1211 Origene

86 1212 223 1301 aliisque
245 1228 528 1293 commemoratus,
544 1215 576 1277 in
598 1210 763 1277 codicibus
783 1209 918 1296 Josephi
941 1207 1037 1277 hodie
1059 1230 1123 1272 non

87 1310 187 1364 extat.
239 1300 296 1363 lta
312 1321 387 1365 vero
413 1300 646 1386 Hieronymus,
672 1319 736 1362 non
761 1297 867 1361 solum
896 1295 1120 1384 Hegesippum

86 1383 225 1450 fortasse
248 1398 412 1449 auctorem
438 1386 568 1464 habens,
593 1382 650 1448 lib.
672 1385 699 1448 I.
726 1384 841 1451 Corum.
868 1383 918 1445 sui
941 1383 972 1444 in
995 1380 1058 1464 Ep.
1081 1379 1123 1445 cd

89 1467 253 1534 Galatas:
285 1471 350 1533 Hic
377 1482 480 1534 autem
503 1469 634 1534 Jacolrus
657 1470 812 1555 episcopus
836 1465 1121 1553 Hierosolymorum

84 1552 208 1637 primus
218 1554 304 1641 sirit,
325 1568 544 1640 cognomento
563 1557 584 1620 J
587 1568 700 1634 ustus;
724 1556 768 1618 vir
786 1567 884 1619 tantae
899 1551 1074 1619 sanctitatis
1090 1566 1122 1619 et

86 1639 225 1704 rumoris
246 1641 279 1703 in
299 1640 432 1739 popu10,
447 1654 483 1704 ut
505 1640 663 1704 fimbriam
686 1639 863 1704 vestimenti
884 1639 952 1725 ejus
974 1638 1120 1703 certatim

12 1740 14 1744 ’
85 1737 243 1811 cuperent
257 1736 424 1812 attingere.
467 1725 530 1811 Qui
545 1735 575 1788 et
590 1724 654 1809 ipse
662 1735 770 1810 postea
785 1724 823 1789 de
839 1721 952 1807 templo
967 1745 987 1786 a
999 1722 1122 1785 Judoeis

83 1808 314 1896 praecipitatus,
328 1832 525 1874 successorem
540 1809 646 1875 babuit
663 1812 854 1897 symeonem,
891 1831 959 1872 uem
975 1817 1005 1871 et
1020 1807 1121 1892 ipsum

85 1895 217 1960 traduat
227 1910 287 1982 pro
302 1896 436 1960 Domino
452 1894 643 1981 cmcifiaum.
660 1896 716 1959 fol.
728 1910 780 1974 97.
795 1895 847 1960 ed.
862 1831 1020 1983 irobenii.
1045 1892 1120 1958 Cae·

84 1990 193 2045 terum
215 2003 277 2068 pro
295 1980 400 2057 ὥὸλίας
420 1981 540 2047 habent
561 1980 657 2056 ὄέλίας
676 1980 848 2069 Hegesippi
862 1980 1012 2064 Eccerpt.
1028 1978 1120 2043 aaut.

87 2066 312 2154 Cedrenusque,
338 2067 398 2143 sed,
419 2065 523 2141 ὠλὸίας
551 2066 702 2154 Georgius
730 2066 865 2153 Syncell.
893 2088 964 2151 quoe
989 2063 1119 2151 quidem

85 2151 223 2239 Georgii
244 2153 401 2253 scriptura
422 2153 506 2216 favet
530 2152 735 2239 opinantibus
763 2152 825 2217 hoc
854 2173 972 2216 nomeu
1000 2171 1040 2214 ex
1062 2150 1120 2217 illo

83 2235 219 2324 Alphaei
238 2259 285 2303 ort
322 2261 395 2303 nem
414 2237 551 2316 duxisse,
566 2259 702 2324 quorum
724 2238 940 2324 conjecturam
962 2250 1120 2305 memorat
1242 2268 1245 2273 ⁸

83 2321 127 2386 cl.
141 2324 242 2388 Gerb.
256 2325 285 2388 E
297 2325 342 2388 ias
358 2325 492 2389 Dissert.
508 2325 619 2409 Iucug.
635 2322 668 2386 iu
683 2323 788 2408 Epist.
803 2323 908 2401 Judce,
924 2343 956 2407 p.
969 2335 1017 2384 23.

128 2409 165 2472 P.
179 2423 245 2489 193.
261 2408 283 2472 l.
294 2423 325 2473 4.
347 2413 383 2485 ὥς
401 2416 426 2474 ol
442 2415 583 2496 rumpitur
601 2411 711 2485 δηλοῦσι
728 2410 896 2493 resplendui]
915 2405 1033 2504 Ecquis
1048 2427 1119 2473 om-

83 2493 175 2558 nium
198 2494 427 2581 prophetarum
454 2495 532 2567 haec'.
546 2494 587 2558 de
610 2495 736 2558 Jacobo
759 2493 904 2580 profert?
938 2491 998 2555 Ait
1021 2490 1119 2558 etiam

82 2578 229 2666 Scaliger
242 2579 283 2645 ad
297 2581 418 2646 Chron.
432 2579 575 2659 Eusebi,
587 2587 608 2619 “
620 2578 748 2644 Vellem
764 2578 946 2644 testimonia
960 2577 1029 2663 ipsa
1065 2599 1118 2642 ro·

82 2669 107 2703 “
119 2663 292 2751 phetamm
307 2666 523 2731 adduxisset.''
558 2665 613 2729 Ad
628 2666 731 2731 Esaiae
745 2665 867 2745 locum,
882 2663 989 2751 ἄρωμεν
1006 2599 1117 2743 velil-

80 2774 188 2833 σωμεν,
202 2753 248 2816 τὸν
263 2751 364 2815 δίκαιον
380 2753 438 2816 &c
454 2773 549 2837 quem
569 2751 660 2817 affert
678 2753 711 2815 in
731 2752 938 2838 sequentibus
954 2747 1117 2835 Hegesip-

80 2857 156 2935 pus,
171 2836 241 2901 haec
280 2859 386 2924 uoque
400 2839 493 2901 verba
508 2837 675 2922 pertinere,
690 2859 819 2902 censere
833 2859 867 2903 sc
881 2836 960 2902 dicit
968 2833 1115 2900 Valesius

79 2920 213 2987 ibidem.
256 2860 386 3000 limera,
408 2937 444 2987 ut
467 2937 553 2987 recte
577 2937 667 2987 notat
690 2924 830 2988 Grabius
851 2935 932 2987 tom.
950 2921 982 2987 ii.
1006 2919 1116 3005 spicil.

80 3006 264 3093 Fragment.
279 3028 311 3093 p.
323 3022 392 3071 255.
409 3015 430 3047 “
444 3008 514 3072 haec
535 3009 673 3072 oratoria
690 3009 862 3095 applicatio
882 3011 1001 3095 potius,
1017 3028 1114 3092 quam

78 3097 103 3131 “
117 3090 303 3178 theologica
318 3093 488 3179 explicatio
501 3092 657 3157 videtur.’'

124 3176 210 3242 Ibid.
224 3178 246 3241 l.
260 3193 290 3241 5.
310 3185 363 3241 τῶν
375 3182 401 3241 ἐν
411 3184 450 3265 τῷ
465 3184 538 3263 λαῷ,
554 3177 812 3266 προγεγραμμένων
823 3205 870 3261 μοι
885 3183 911 3241 ἐν
924 3183 980 3255 τοῖς
994 3183 1112 3265 ὑπομνή-

77 3262 184 3411 ml}
198 3261 282 3327 Vide
296 3262 402 3327 locum
419 3285 513 3411 supra
527 3262 566 3327 ad
580 3285 656 3412 pag.
672 3280 737 3346 191.
766 3264 896 3328 Absunt
910 3264 1006 3330 verba
1018 3272 1071 3331 τῶν
1086 3272 1113 3331 ἐν

79 3368 101 3410 a
114 3348 159 3411 M
184 3394 193 3410 .
208 3347 300 3415 Bodl.
316 3370 372 3412 seu
387 3347 459 3412 Scor
476 3396 484 3412 .
502 3348 558 3412 sed
571 3371 624 3412 ma
636 3369 654 3411 e
673 3348 823 3436 Georgius
837 3347 1000 3435 Syucellus
1018 3361 1071 3418 τῶν
1087 3356 1113 3417 ἐν

77 3438 120 3516 τῷ
136 3432 213 3530 λόγῳ
227 3458 285 3519 γεγ
302 3434 451 3516 αμμμένων
463 3459 510 3516 μοι
526 3436 552 3495 ἐν
565 3438 620 3508 τοῖς
638 3434 836 3516 ὑπομνήμασιν,
852 3435 1038 3524 omittitque
1056 3442 1112 3515 τοῖς

78 3518 252 3605 Hegesippi
298 3530 460 3604 ccerptum
475 3518 568 3583 Bodl.
605 3519 670 3582 Hic
690 3532 795 3583 autem
819 3535 907 3600 nota,
930 3524 1112 3607 ὑπομνήματα

75 3604 187 3689 ipsum
211 3624 280 3693 esse
306 3604 486 3693 Hegesippi
518 3626 611 3690 opus,
639 3603 730 3698 cujus
752 3604 932 3692 fragmenta
958 3608 1111 3690 sistimus,

76 3687 170 3781 quod
194 3688 322 3777 quidem
347 3703 484 3768 constat,
506 3712 582 3754 cum
604 3711 642 3755 ex
664 3689 733 3754 aliis
755 3691 885 3756 Eusebii
904 3692 1017 3774 verbis,
1040 3708 1109 3766 tum

75 3796 119 3838 ex
138 3773 200 3841 illis
221 3775 253 3839 in
272 3795 341 3860 cap.
355 3776 430 3839 xxii.
451 3774 507 3838 lib.
519 3788 568 3840 24.
589 3775 628 3839 ‘O
648 3776 698 3857 pir
716 3773 759 3845 οὖν
779 3777 956 3861 Ἡγήσιππος
977 3784 1004 3848 ἔγ
1021 3780 1111 3846 πέντε

75 3862 137 3933 τοῖς
150 3864 186 3933 εἰς
200 3865 271 3942 ἡμᾶς
285 3863 411 3924 ἐλθοῦσιν
425 3861 623 3949 ὑπομνήμασιν.

124 3944 208 4008 Ibid.
222 3945 244 4008 l.
255 3956 286 4029 7.
307 3945 350 4020 τίς
370 3953 386 4023 ἡ
406 3945 478 4032 θύρα
499 3951 548 4012 τοῦ
565 3946 668 4030 Ἰησοῦ]
687 3945 851 4017 Ostiumh
875 3969 892 4012 c
911 3947 985 4016 loco
1000 3963 1048 4016 est
1061 3951 1110 4016 in*

76 4028 254 4106 traductio,
277 4050 334 4094 seu
357 4030 515 4095 institutio
541 4043 639 4116 atque
662 4031 808 4097 initiatio.
853 3968 983 4108 listium
1009 4036 1109 4131 igitur

77 4113 204 4179 Christi
219 4114 297 4179 nibil
315 4128 365 4180 est
384 4114 481 4193 aliud,
492 4135 593 4201 quam
609 4114 684 4179 fides
704 4116 737 4180 in
756 4117 864 4181 Deum
887 4121 1012 4184 Patrem
1027 4121 1107 4193 etin

74 4198 197 4267 Filium
223 4221 261 4265 ac
287 4200 441 4291 Spiritum
466 4212 623 4264 sanctum.
665 4201 718 4272 De
742 4200 805 4266 hoc
828 4204 912 4270 ostio
937 4203 1053 4271 dicitur
1070 4206 1106 4285 jn

573 4296 622 4353 1²4
