2716 4748
272 304 337 375 tor
462 298 520 345 -’
607 266 999 359 auuorarromrs.
1118 290 1199 345 τε

319 461 353 524 Ρ.
365 465 435 525 268.
450 460 472 525 lr
484 474 514 523 5.
537 463 678 526 ἀλλὰκαὶ
697 465 729 527 el
750 461 871 526 raetia
888 462 1022 542 φαίνεθὐυ
1034 462 1201 547 ἡμῶντινᾶ]
1213 456 1301 527 ‘sabab

274 559 322 608 λον
336 547 440 630 prosi
456 546 566 611 κυθόλυ
580 562 613 612 et
626 554 688 612 τινὰ
701 557 773 631 ἡμῶν
789 548 865 613 MS.
881 548 1021 635 Norfolc.
1053 576 1057 585 ¹
1294 546 1299 583 ²

318 632 401 696 lbid.
416 632 439 695 l.
451 646 481 696 8.
503 635 616 720 ἐρῤύπυ·
632 634 852 722 ἀντιπαρέσασσε
867 636 907 720 δὲ]
926 635 1076 723 Epidauro·
1094 632 1304 720 antemnas-r

273 718 526 803 σετοδὲΝὲσυρΙι.
549 720 717 784 Sruorrr.
1138 750 1141 755 ·
1250 760 1254 767 ·
1298 738 1302 745 ·

318 802 400 867 Ibid.
416 804 438 869 l.
454 820 500 867 10.
523 804 605 885 ὁμόσε
627 805 746 892 ἐχώρουν
767 806 856 890 αὐτῷ]
882 806 957 888 αὐτῷ
978 804 1067 868 deest
1091 803 1123 868 in
1144 802 1255 891 Strepit.
1271 814 1302 869 el

273 885 404 973 ΝἰσερΙι.
427 891 603 955 'Sertorio
641 891 738 955 Adde
759 892 835 955 MS.
859 889 997 976 Nnrfalc.
1031 891 1085 954 De
1107 890 1180 975 ipsa
1199 887 1303 976 phrasi

274 973 345 1038 vide
360 976 561 1041 Pearsoninrn
577 976 709 1040 allatum
728 999 824 1063 supra
837 975 878 1040 ad
891 997 966 1061 pag.
982 988 1049 1050 178.
1096 1024 1100 1029 -

276 1100 280 1107 ·
318 1060 401 1123 Ibid.
417 1060 440 1124 l.
453 1076 500 1124 11.
522 1066 559 1125 rol
580 1067 685 1125 πολλοὶ
705 1063 792 1145 ὀλίγα
812 1062 967 1145 ἡγούμενοι]
990 1059 1102 1125 Malla
1116 1074 1225 1159 pauca
1243 1076 1302 1125 etto

273 1144 426 1211 ducentes.
454 1148 622 1233 Vertitquc
637 1149 818 1226 Musculus‚
829 1146 931 1211 rnrrlta
940 1164 997 1231 pro
1011 1145 1138 1210 modica
1151 1148 1301 1211 duratae

274 1244 281 1299 j
317 1230 399 1295 lbid.
424 1230 450 1295 l.
475 1246 521 1295 l2r
549 1230 628 1306 ὅντως
650 1235 863 1317 ἐπιδεικνύμενοι]
892 1233 995 1297 Deest
1019 1232 1100 1305 ὅπως
1124 1231 1161 1295 in
1189 1231 1238 1296 ed.
1263 1232 1300 1296 Ra

273 1315 386 1401 Steplr.
426 1316 539 1381 Codex
559 1319 740 1383 Medicaeus
762 1319 946 1382 adverbium
963 1316 1054 1381 addit
1067 1317 1131 1381 hoc
1146 1315 1247 1381 modo
1261 1314 1302 1381 ἄν

271 1425 327 1474 rag
346 1403 558 1485 ἐπιδεικνύμενοι.
592 1405 710 1490 Neque
731 1404 822 1469 aliter
843 1403 945 1467 codex
963 1406 1051 1467 Mae.
1065 1402 1152 1466 Fue.
1167 1415 1204 1467 et
1216 1402 1302 1467 savis

271 1486 386 1551 lienus.
421 1490 451 1553 V
454 1510 625 1553 ,isesias
676 1490 780 1553 Addit
806 1489 968 1553 Strothius
996 1488 1114 1553 Codicis
1143 1488 1248 1552 Venet.
1271 1498 1303 1551 et

275 1572 450 1657 Christoplr.
467 1575 567 1639 Lectt.
588 1575 863 1661 Mceplroramqae,
882 1587 973 1638 notat
991 1596 1063 1637 vero
1085 1572 1207 1637 habere
1221 1574 1303 1637 Βυυ·ΙΙ

269 1659 370 1744 garsii
382 1661 485 1723 Lectt.
501 1661 534 1725 in
548 1660 599 1725 ed.
613 1663 733 1725 Gener.
745 1659 838 1733 οὕτως.
868 1660 1020 1746 Denique
1031 1660 1150 1745 legisse
1164 1657 1245 1734 ὅπως
1257 1658 1302 1724 vi⁸

271 1744 368 1809 detur
382 1767 422 1809 ex
433 1746 694 1829 interpretatione
715 1768 773 1811 sua
788 1745 928 1830 Rrfinas,
966 1744 1031 1808 uod
1044 1743 1301 1809 etiam-additum

271 1843 321 1893 est
335 1830 377 1893 ad
390 1853 475 1895 orant
488 1832 562 1895 edit.
579 1833 685 1916 Steplr.
701 1832 734 1895 ia
745 1830 873 1916 pialtico
888 1768 1036 1895 Biblini.
1051 1840 1171 1893 rrostra.
1297 1860 1302 1871 ·

317 1915 400 1979 Ibid.
421 1916 446 1979 l.'
469 1932 515 1981 14.
545 1922 771 1998 ἀπυκαλυφθῆυυυ
793 1922 828 1990 εἷς
849 1917 934 2000 ἡμᾶς]
954 1917 1099 1979 Aberta
1118 1912 1300 1999 Nicepltbwt

269 1998 353 2063 Mox
367 2001 452 2086 apud
466 2001 562 2065 eund.
577 2002 707 2087 legitur,
722 2005 838 2090 σωρηδὸν
851 2003 989 2083 πανδημεὶ
1003 2005 1042 2065 τὰ
1056 1999 1236 2088 interpam
1249 2002 1302 2063 ἀπὸ

268 2092 317 2148 τοῦ
334 2084 434 2169 ὄχλου.
456 2088 626 2151 Srnoru.
1298 2130 1301 2135 ·

271 2234 274 2241 ,
314 2171 399 2235 lbid.
413 2171 435 2237 l.
451 2179 497 2236 16.
519 2171 680 2258 instatere]
699 2174 809 2236 Habet
827 2175 849 2259 ri,
870 2176 915 2237 in.
931 2172 1007 2237 MS.
1024 2170 1123 2237 Savll.
1137 2169 1301 2237 seu-Badis

270 2255 354 2321 Mox
368 2260 458 2322 abest
471 2260 519 2321 καὶ
532 2261 652 2365 arguaris
663 2281 683 2322 a
698 2260 775 2323 MS.
789 2258 928 2343 Norfole

316 2343 349 2405 P.
362 2350 432 2420 269.
450 2345 470 2407 l.
489 2361 513 2406 1.
537 2372 583 2422 aar
597 2345 786 2429 συγκλείσας]
805 2347 880 2407 Non
896 2364 1027 2428 possum
1050 2342 1188 2426 probate
1205 2342 1302 2407 intel'·¹

270 2430 478 2513 pretationem
495 2431 598 2516 Langi
612 2446 646 2495 ct
660 2429 957 2514 Christopborsoni,
973 2428 1027 2515 qui
1043 2427 1222 2512 συγκλείσας
1236 2450 1303 2493 ear·

269 2535 359 2578 ceres
374 2528 510 2580 vertunt.
554 2516 619 2580 Hic
642 2516 727 2580 enim
748 2515 853 2600 primo
873 2515 946 2579 loco
961 2525 1166 2578 recensentur
1180 2513 1303 2601 injuriat

269 2614 304 2663 et
326 2601 420 2676 mala,
436 2624 508 2687 quae
528 2624 546 2664 a
564 2603 707 2666 conferta
725 2600 836 2686 populi
859 2598 1064 2664 multitudine
1086 2600 1304 2664 inferebantur

271 2684 473 2750 Christianis.
517 2689 686 2772 inquibus
708 2708 814 2749 carcer
834 2686 941 2750 locum
965 2685 1080 2748 habere
1101 2706 1168 2748 non
1186 2696 1301 2773 potesta

269 2771 289 2834 J
293 2772 420 2835 udieum
437 2773 566 2856 quippe,
583 2796 645 2836 non
664 2773 774 2858 populi
795 2784 874 2848 erat,
889 2793 960 2834 reos
979 2769 1095 2834 carceri
1110 2770 1304 2866 mancipares

271 2855 401 2919 Rectius
415 2879 492 2939 ergo
508 2857 639 2920 Rufinus
655 2859 758 2931 vertit,
773 2856 920 2920 concludi.
958 2856 1018 2920 Sea
1030 2865 1060 2918 et
1074 2854 1241 2933 verberare,
1256 2855 1303 2917 in·

271 2940 352 3023 quit,
368 2941 450 3003 raab
467 2940 542 3018 illis,
558 2964 594 3004 ac
613 2942 760 3024 lapidari,
775 2954 806 3005 et
829 2942 977 3018 concludi,
998 2939 1154 3025 patienter
1175 2940 1304 3024 accipie-

270 3023 355 3089 bant.
385 3026 529 3089 Gentiles
544 3028 627 3090 enim
646 3026 844 3091 Christianos
859 3029 941 3090 intra
955 3028 1068 3090 domos
1084 3047 1158 3089 suas
1173 3026 1303 3090 conclu·

271 3111 400 3189 debant,
417 3112 493 3175 dum
509 3135 527 3174 a
542 3113 613 3176 foro
636 3129 669 3178 et
690 3115 810 3177 balneis
833 3136 888 3176 eos
908 3127 1060 3188 arcerent,
1075 3132 1134 3174 nec
1150 3112 1183 3174 in
1197 3110 1305 3196 publia

269 3219 344 3262 cum
360 3198 487 3282 prodire
502 3199 651 3276 sinerent,
668 3213 704 3262 ut
724 3221 819 3284 supra
839 3199 961 3263 dictum
985 3210 1044 3260 est.
1090 3197 1178 3261 Infra
1194 3210 1303 3261 tamen

271 3284 445 3368 συγκλείσας
460 3306 518 3368 pro
533 3307 658 3348 carcere
673 3298 853 3348 sumuntur.
869 3286 1081 3369 Nicasius.

316 3369 399 3431 Ibid.
414 3370 435 3432 l.
447 3383 478 3431 4.
499 3370 553 3432 sair
566 3371 758 3455 σσρυεςηκότσυυ
778 3376 824 3451 τῆς
844 3368 955 3440 πόλεως
971 3368 1108 3450 ἐξουσιῶν]
1127 3366 1302 3451 Magistra*

271 3467 323 3518 tus
344 3455 551 3540 municipales
572 3457 733 3540 intelligit,
749 3457 803 3540 qui
819 3456 915 3518 etiarn
932 3453 1089 3517 duumviri
1104 3451 1303 3516 dicebantur.

270 3539 424 3626 Quamvis
440 3555 547 3604 autem
570 3542 692 3619 ἐξουσίας
708 3564 765 3606 seu
779 3540 945 3626 potestatis
960 3537 1165 3615 vocabulum,
1182 3536 1304 3600 fereda

269 3625 447 3710 majoribus
464 3627 630 3712 judicibus
651 3627 714 3690 dici
737 3627 829 3703 solet,
850 3626 904 3711 qui
927 3625 1047 3688 habent
1063 3624 1130 3709 jus*
1141 3622 1256 3708 gladii,
1270 3632 1305 3685 ut

272 3710 368 3774 docet
383 3711 542 3796 Ulpianus
560 3714 591 3775 in
610 3713 704 3775 titulo
727 3713 766 3776 de
783 3711 1019 3798 jurisdictione,
1034 3724 1067 3773 et
1082 3709 1122 3772 de
1135 3709 1304 3773 verborum

270 3796 566 3881 significationibus,
581 3812 686 3861 tamen
702 3798 742 3861 de
761 3797 997 3883 magistratibus
1012 3795 1107 3858 etiam
1123 3794 1304 3880 municipa-

269 3880 355 3946 libus
369 3897 550 3967 usurpatur,
567 3884 621 3967 qui
644 3883 805 3947 habebant
828 3883 987 3945 modicam
1012 3879 1256 3958 coercitionem,
1271 3891 1304 3942 ut

270 3967 447 4054 loquuntur
461 3968 692 4053 jurisconsulti.
723 3970 774 4031 Sic
791 3968 876 4052 apud
891 3967 1086 4031 iuvenalem.
1118 3964 1303 4029 Galliarumd

271 4077 330 4139 qtae
345 4076 406 4117 esse
424 4065 572 4137 potestas.
612 4054 698 4116 Infra
715 4055 771 4118 ubi
793 4055 833 4117 de
856 4053 1003 4131 Pothino,
1018 4048 1304 4128 anarrruoldfavelar

269 4140 430 4203 dicuntur.
454 4141 660 4201 Vacemus
1290 4164 1296 4173 ·

314 4224 397 4291 lbid.
411 4223 436 4288 ln
446 4230 477 4288 6.
501 4223 548 4298 ἕως
563 4230 608 4301 τῆς
621 4229 668 4286 τοῦ
682 4223 811 4309 ἡγεμόνος
824 4221 999 4307 παρουσίας]
1017 4220 1192 4286 Ptoesldem
1210 4214 1301 4286 vertit
