2716 4748
238 326 299 394 170
501 310 776 397 usurpans
812 306 1006 377 sacam

234 480 277 542 ‘H
296 483 352 541 ΔΕ
370 478 483 542 ΠΡΟΣ
503 480 767 560 ΑΘΗΝΑΙΟΥΣ,
781 482 933 567 διεγερτικοὶ
951 478 1057 553 οτίςεαις
1074 476 1123 542 καί
1136 483 1184 556 τῆς
1200 480 1272 543 κατνί

235 588 267 651 νδ
283 584 448 672 εὐαγγέλιον
461 587 618 662 πολιτείας·
641 588 672 666 ἧς
692 588 918 676 ὄλιγαρήσαντας
934 587 1062 675 ἐλίγχει,
1079 590 1115 664 αίς
1129 586 1164 651 ἂν
1176 595 1273 681 μικροῦ

236 698 288 760 δεῖν
304 696 461 771 ἄποςύντας
475 703 523 760 τοῦ
536 696 636 783 λύγου,
652 701 683 777 ἒξ
698 698 777 785 οὗπερ
788 700 838 764 πδν
851 706 1004 786 προεςὸντα
1025 703 1115 763 αύτῶν
1134 698 1275 789 Πούπλιον
1320 720 1323 727 ·

235 809 409 891 μαρτυρῆσαι
424 807 499 867 κατὰ
512 805 574 877 τοὺς
587 804 651 868 τότε
664 802 761 883 συνίύη
775 806 924 891 διαγμούς.
958 806 1090 893 Κοδρύτν
1103 808 1133 869 δὲ
1142 810 1219 888 μετὰ
1232 808 1277 870 rit

234 913 463 1000 μαρνύρύσανίἀ1
477 911 621 975 Πούπλιον
645 912 821 987 καταςῖνντος
842 917 933 977 αὐτῶν
956 913 1104 984 δπισκύπου
1130 904 1300 996 μίμνηταηῖὄ

235 1025 436 1108 ἰπιμαρτνρῶν,
451 1025 487 1095 a,
500 1023 545 1085 διὰ
558 1026 605 1098 τῆς
619 1025 691 1084 adr&
705 1022 820 1098 σπουδῆς
835 1020 1080 1106 ίπισυναχδίνταν,
1095 1022 1146 1085 καί
1158 1026 1208 1099 τῆς
1220 1020 1289 1087 cl?

236 1157 305 1206 ςεας
317 1130 523 1216 ἀναζωπύρησιν
539 1130 700 1216 είληχίτων·
725 1133 802 1209 δηλοῖ
822 1132 843 1192 δ’
857 1132 902 1194 ἐπὶ
915 1131 1030 1212 τούτοις,
1044 1132 1122 1220 tier}
1137 1130 1280 1209 Διονύσιος

234 1246 250 1304 ὁ
264 1240 466 1328 Ἀρεοπαγίτης
480 1240 529 1302 ὑπὸ
541 1245 589 1303 τοῦ
603 1237 741 1312 ιἰποςύλου
755 1237 875 1302 Παύλου
889 1239 1062 1327 προτραπεὶς
1077 1239 1120 1303 ίπδ
1133 1243 1183 1319 τὴν,
1197 1239 1280 1315 πτίςιν

236 1355 313 1415 κατὰ
326 1354 365 1414 τοὶ
378 1353 404 1413 ἔν
419 1354 482 1424 ταῖς
496 1349 613 1435 πρύξεσι
628 1346 812 1431 δεδηλωμένα,
826 1355 932 1433 πρῶτος
947 1353 996 1425 τῆς
1010 1345 1167 1427 Ἀθηναίων
1178 1374 1291 1437 παρα·-

237 1457 300 1533 κίας
313 1461 361 1535 την
375 1460 526 1535 ἐπισκοπὴν
536 1455 723 1543 ἒγκεχείριςο.
943 1496 946 1501 -
988 1508 991 1513 .
1289 1480 1322 1531 10

231 1564 330 1644 Ἄλλη
345 1567 367 1628 δ
382 1565 494 1642 ἓπιςολῆ
512 1590 554 1638 τις
574 1567 647 1626 αύτὲ
670 1562 783 1629 ΠΡΟΣ
804 1560 1091 1630 ΝΙΚΟΜΗΔΕΑΣ
1111 1562 1233 1648 dipem(
1254 1567 1280 1628 h

237 1676 321 1765 ᾗτῆν
347 1675 513 1763 Μαρκίωνος
536 1674 640 1760 αίρεσιν
662 1680 809 1756 πολεμῶν,
830 1678 871 1759 τῷ
894 1679 942 1751 τῆς
962 1672 1097 1751 ἀληθεύοις
1118 1673 1281 1763 ampli-am
1308 1704 1311 1709 ·

136 1821 139 1826 ⁴
239 1785 341 1849 κανύνι.

238 1893 299 1961 Kal
317 1898 352 1979 τῇ
370 1891 508 1978 ἐκκλησίᾳ
527 1892 555 1955 δὲ
574 1897 607 1976 τῇ
625 1891 801 1978 σαροικούση
819 1892 1041 1955 ΡΟΡΓΥΝΑΝ
1058 1890 1162 1954 ‘AMA
1180 1890 1282 1958 'rm

237 1997 417 2067 ΛΟῙΠΑΙΣ
438 2003 552 2062 ΚΑΤΑ
573 2001 686 2062 ΚΡΗΤ
686 2003 747 2061 ΗΝ
773 1995 1022 2067 ΠΑΡΟῙΚΙΑῘΣ
1042 1996 1203 2077 ’ἔπιςοίλαῇ
1216 1996 1281 2073 §le
1290 2000 1323 2059 13

237 2122 338 2172 λιππον
352 2106 498 2170 ἐπίσκοπον
510 2111 600 2171 αὐτῶν
614 2105 793 2192 ἀποδέχεται,
808 2103 858 2169 ἱίτε
872 2107 902 2183 δίη
917 2106 961 2170 hrt
977 2103 1114 2180 σλοίςανς
1124 2110 1315 2193 μαρτυρες-ν’

237 2215 318 2300 pta,
337 2216 540 2303 ἀνδραγαθίαις
555 2223 603 2294 τῆς
616 2218 660 2280 ὑπ’
676 2219 758 2280 αὐτὸν
773 2215 935 2294 ἐκκλησίας·
958 2214 1052 2295 'cirre
1065 2220 1120 2281 τῶν
1137 2220 1295 2300 alpwiz&

238 2326 382 2410 διαςροφδην
395 2324 592 2408 ὑπομιμνήσκει
606 2324 790 2407 φυλύτίεθνη.

238 2435 298 2495 Καί
320 2459 354 2518 τη
378 2432 516 2517 ἐκκλησίᾳ
537 2433 565 2494 δὲ
585 2437 619 2518 τῇ
639 2432 805 2519 παροικούση
823 2431 1040 2498 ΑΜΑΣΤΡΙΝ
1060 2435 1164 2496 ‘A‘MA
1182 2432 1282 2502 ΤΑΙΣ

238 2545 353 2604 ΚΑΤΑ
366 2543 545 2603 ΠΟΝΤΟΝ
558 2538 710 2617 ἔπιςείλας,
722 2537 904 2624 Βακχυλίδου
919 2541 969 2621 μὲν
985 2541 1033 2603 καί
1046 2540 1187 2621 Ἐλπίςει,
1201 2544 1237 2616 οἷς
1250 2541 1322 2605 obbo

239 2648 321 2711 αὑτὸν
341 2648 383 2709 ἐπί
407 2648 439 2709 τὸ
463 2645 575 2731 γρύψαρ
597 2646 818 2733 προτρεψάντων
838 2645 985 2728 μέμνηταρ·
1014 2654 1130 2734 γραφῶν
1150 2675 1182 2712 τε
1204 2649 1280 2713 θείαν

242 2888 417 2941 Athenienses
435 2888 541 2958 scripta,
561 2888 681 2941 excitans
702 2889 736 2941 ad
786 2905 830 2941 um
841 2888 958 2943 ecclesia
971 2889 1141 2943 Atheniensis
1159 2893 1281 2945 sacerdo-

241 2957 330 3022 fidem,
351 2969 379 3010 et
397 2959 430 3010 ed
451 2959 532 3010 vitam
551 2975 584 3010 ex
602 2969 736 3027 precepto
786 2960 852 3011 tium
863 2960 1016 3029 suscepisse.
1052 2959 1105 3011 Sed
1117 2973 1146 3013 et
1160 2961 1214 3013 alia
1225 2961 1281 3030 ejus

242 3027 369 3097 evangelii
382 3027 583 3080 traducendam:
603 3026 694 3095 quain
708 3043 736 3079 re
786 3028 898 3097 epistola
909 3039 995 3081 exstat
1006 3028 1039 3080 ad
1051 3028 1280 3095 Nicomedienses,

241 3096 425 3176 negligentiam
435 3096 519 3167 arguit
525 3096 736 3159 Atheniensium,
785 3098 877 3166 inqua
890 3098 1035 3152 Marcionis
1051 3097 1169 3150 heresim
1180 3098 1236 3169 imp
1269 3111 1320 3160 ·25

261 3183 340 3246 urppe
363 3165 407 3236 qui
430 3185 446 3218 a
467 3167 518 3219 fide
565 3165 736 3236 ropemodum
786 3185 861 3231 nans,
872 3167 989 3220 veritatis
1004 3167 1097 3235 regnlae
1110 3166 1221 3221 firmiter
1236 3118 1280 3221 dd·

242 3184 421 3302 descrvissent,
433 3254 466 3288 ex
477 3253 528 3304 quo
543 3183 654 3287 Publius
667 3234 736 3304 ipso·
785 3237 913 3289 harescit.
936 3236 1061 3290 Ecclesiae
1074 3249 1202 3315 praterea
1213 3238 1281 3291 Gon·

242 3321 301 3358 rum
312 3305 451 3375 episcopus
468 3304 495 3356 in
511 3296 736 3374 persecutionib'us
785 3305 943 3371 tvnensium,
952 3316 980 3358 et
991 3305 1096 3374 reliquis
1108 3305 1185 3357 simul
1195 3307 1281 3360 eccle·

242 3385 306 3427 tunc
336 3377 460 3453 temporis
489 3375 611 3426 excitatis
638 3386 736 3443 marty·
784 3363 829 3428 siis
840 3376 926 3428 Cretae
938 3376 1027 3427 literas
1040 3375 1167 3440 scribens,
1178 3375 1281 3444 episco-

242 3443 311 3495 rium
339 3444 462 3495 subierat.
511 3442 635 3494 Meminit
656 3441 736 3494 etiam
785 3462 848 3513 pum
869 3445 984 3514 ipsorum
1003 3444 1154 3513 Philippum
1172 3454 1324 3515 magno-30

243 3512 382 3576 Quadrati,
413 3513 457 3581 qui
492 3524 553 3581 post
582 3511 735 3581 martyrium
786 3530 849 3582 pere
868 3514 1004 3583 praedicat,
1021 3512 1118 3582 quippe
1140 3511 1217 3583 cujus
1238 3532 1281 3567 ec-
1312 3542 1318 3549 ·

242 3581 340 3646 Publii,
369 3581 507 3651 episcopus
536 3582 736 3634 Atheniensium
785 3582 866 3634 clesia
880 3584 1009 3654 egregiam
1027 3583 1132 3634 laudem
1150 3582 1282 3636 fortitudi-

243 3662 284 3704 est
296 3652 470 3704 constitutus:
490 3651 596 3721 ejusque.
608 3652 698 3704 labore
708 3661 736 3702 et
785 3652 826 3703 nis
846 3663 874 3704 et
895 3651 1013 3721 generosi
1034 3651 1123 3715 animi,
1145 3651 1280 3705 communi

243 3719 371 3772 industria
388 3722 458 3773 cives
480 3721 566 3772 denuo
584 3721 612 3772 in
630 3720 737 3773 ecclesi·
786 3723 901 3774 omniurn
913 3739 1042 3775 consensu
1057 3721 1204 3774 retulisset:
1225 3741 1281 3775 mo-

243 3807 286 3842 am
298 3791 459 3855 convenisse,
471 3801 498 3842 et
517 3790 660 3841 redivivum
675 3789 736 3840 fidei
785 3801 882 3860 netque
894 3802 923 3842 ut
935 3794 968 3844 ab
987 3790 1169 3842 hereticorum
1187 3791 1280 3844 fraude
1288 3801 1324 3851 35

243 3861 363 3911 ardorem
384 3860 411 3912 in
431 3860 481 3912 illis
508 3871 657 3929 reparatum
680 3876 736 3910 esse
786 3877 817 3911 ac
829 3862 943 3913 versutia
954 3860 1003 3912 sibi
1016 3870 1134 3912 caveant.
1172 3859 1240 3913 Ine
1260 3860 1281 3913 i·

243 3938 363 3981 testatur.
392 3931 484 3982 Refert
495 3940 622 3998 praterea
633 3928 737 3995 Diony·
786 3930 855 3981 stola
870 3948 932 3982 vero
952 3947 1030 3998 quam
1046 3929 1137 3981 scribit
1149 3929 1182 3981 ad
1194 3878 1281 3983 eccle·

192 4056 198 4066 „
242 3999 309 4053 tium
331 4000 524 4067 Areopagitam,
546 3999 590 4068 qui
613 4015 629 4049 a
650 3998 735 4050 Paulo
785 3998 849 4050 siam
861 3999 1088 4051 Amastrianorum
1096 4009 1123 4052 et
1133 4009 1235 4052 ceteras
1246 3999 1281 4052 si-

243 4067 373 4137 Apostolo
391 4068 424 4118 ad
443 4069 521 4119 fidem
538 4085 678 4120 conversus
695 4079 735 4119 est
784 4068 839 4118 mul
856 4068 981 4121 ecclesias
999 4067 1088 4131 Ponti,
1104 4068 1252 4137 sequidem
1263 4086 1280 4120 a

242 4137 462 4205 quemadmodum
483 4137 594 4189 traditur
613 4137 640 4189 in
655 4137 736 4188 Acti·
785 4137 944 4207 Bacchylide
957 4148 985 4190 et
1002 4137 1105 4206 Elpisto
1116 4139 1150 4189 ad
1163 4137 1329 4196 scribendo

242 4204 292 4259 bus
309 4207 506 4277 Apostolorum,
524 4207 636 4276 primum
652 4206 735 4260 omni·
785 4206 847 4258 dum
859 4206 999 4277 impulsum
1012 4224 1070 4260 esse
1081 4218 1278 4262 commemorat.
