2716 4748
293 282 355 335 220
627 266 986 334 ANNOTATIONES

295 436 369 500 Ccd.
384 437 460 502 MS.
482 436 618 523 lllorfalc.
643 436 803 523 Syncellus
826 437 1048 526 Cedrcnusque,
1067 453 1102 503 et
1126 439 1219 516 lfnest
1239 442 1319 503 adab

292 523 335 584 ἐπὶ
349 521 381 585 τὸ
395 522 539 611 wlepdyun
550 531 598 585 τοῦ
613 529 680 607 ἱεροῦ
695 523 782 609 apud
798 522 830 589 S.
846 523 1041 589 Mattltaeum
1056 523 1208 590 babetur.
1237 526 1317 591 Mox

292 606 370 757 ’Ὗ
383 630 441 773 tlt
454 608 616 769 ‘lllMlg
628 607 729 770 tttl
741 609 1090 781 titillatus
1105 608 1316 781 Silili..

292 793 359 843 tata
378 796 453 845 sunt
471 780 512 845 ad
530 801 604 878 pag.
618 722 721 864 supi.
737 796 766 854 7.
804 786 898 844 Anne
921 780 954 844 in
974 780 1033 845 hac
1053 780 1198 847 secunda
1220 796 1316 847 tenu·

290 864 389 944 tione,
404 888 487 953 quae,
503 880 540 929 ut
560 881 605 929 art
627 865 800 944 Fabricius,
815 866 929 931 merito
949 864 1086 952 permira
1106 866 1233 931 videtur
1251 866 1316 931 viris

290 949 422 1015 eruditis
443 964 475 1016 et
496 972 595 1037 prope
615 950 818 1029 incredibilis,
833 950 866 1014 id
885 952 1007 1015 efficere
1021 952 1193 1017 voluerunt
1206 950 1314 1031 Judei,

290 1051 328 1100 ut
344 1036 440 1100 etiam
464 1050 593 1114 terrore,
609 1059 673 1100 nou
693 1049 815 1101 tantum
837 1036 1030 1116 adulatione,
1047 1037 1195 1101 animum
1210 1037 1313 1103 Jaoobi

290 1122 540 1207 aggrederentur
554 1138 652 1207 atque
665 1124 870 1207 frangerent?
898 1123 1112 1208 Aliquatenus
1127 1123 1236 1187 favent
1248 1123 1312 1189 huie

290 1229 371 1270 meae
386 1206 580 1295 conjecturae
594 1208 751 1271 Simeonis
766 1207 995 1294 Metaphrastis
1009 1210 1102 1271 verba
1114 1207 1154 1271 ad
1168 1229 1244 1294 pag.
1252 1222 1311 1273 52⁵.
1354 1220 1356 1289 ξ

289 1292 369 1355 Ἐπεὶ
383 1292 427 1357 οὖν
442 1299 454 1356 l
467 1292 558 1378 καῖρος
572 1293 664 1357 ἐκάλει
679 1295 725 1356 τὸν
741 1292 840 1380 ἇςιςέα
856 1299 933 1369 ςῆναι
948 1296 1023 1356 κατὰ
1038 1299 1074 1355 τῦ
1088 1293 1206 1371 dedice
1219 1296 1237 1356 ti
1248 1293 1310 1377 μίλ-
1353 1298 1356 1369 l

290 1391 346 1441 λων
361 1375 402 1459 ἦν,
417 1379 474 1442 οὐδὲ
497 1379 583 1464 δειλίᾳ
600 1384 648 1457 τὴν
667 1379 797 1455 ἀλήθειαν
817 1379 968 1463 προδιδούς·
990 1382 1070 1442 ἀλλὰ
1089 1380 1138 1441 nal
1158 1380 1254 1464 ψυχὴν
1269 1381 1310 1443 atel
1353 1374 1356 1425 l

289 1467 413 1545 γλῶτΊαν
427 1468 520 1528 tunes
538 1463 652 1539 ductos·
677 1467 723 1527 nai
738 1463 865 1547 μεγάλην
885 1465 962 1537 εὐθὺς
981 1464 1057 1543 ἀφεὶς
1068 1467 1118 1541 τὴν
1131 1467 1232 1545 φωνὴν,
1243 1464 1271 1527 sl
1279 1490 1309 1547 με

289 1552 408 1633 ἐρωτᾶτε
421 1550 481 1615 dec.
506 1491 591 1613 (lum
605 1550 708 1614 isthac
722 1550 842 1613 interea
853 1549 977 1613 confert
992 1547 1155 1613 Fabricius
1168 1550 1308 1635 qutesu'o·

289 1656 362 1699 nem
381 1635 526 1699 Domino
545 1635 605 1721 ipsi
622 1635 776 1700 aJudaeis
790 1633 999 1719 propositam,
1016 1634 1068 1697 Jo.
1081 1656 1114 1697 x.
1126 1646 1178 1699 24.
1216 1634 1309 1699 cars-
1353 1636 1356 1725 l

288 1743 360 1784 rum
375 1720 590 1806 repetentibus
605 1720 761 1805 posthaec
776 1720 869 1783 verba
881 1718 961 1783 illud
979 1726 1026 1782 τοῦ
1044 1716 1233 1805 ςαυρωθέπος
1251 1718 1310 1785 edi·
1354 1732 1356 1797 ξ

289 1805 440 1884 tionibus,
468 1805 552 1869 idem
579 1804 827 1890 expungendum
856 1804 976 1884 censui,
1005 1805 1200 1869 auctoritate
1228 1803 1308 1871 nixus
1354 1816 1356 1822 '

288 1890 390 1954 MSS.
404 1888 495 1954 Badl.
509 1904 542 1954 et
555 1889 694 1974 Illorfolc.
709 1888 935 1977 Hegesippiuni
949 1888 1105 1974 Excepti
1115 1888 1213 1954 Bodl.
1227 1888 1309 1959 Nua-

284 1974 388 2060 ptari,
403 1973 549 2061 syncelli,
566 1975 741 2061 Rapinique.
780 1976 902 2040 Censet
922 1974 1084 2040 Fabricius
1105 1997 1246 2062 quoque,
1262 1974 1311 2041 ubi

289 2082 395 2148 supra,
411 2061 443 2125 id
457 2083 496 2124 ex
510 2061 670 2146 superiore
686 2083 774 2124 versu
795 2061 964 2146 repetitum
979 2060 1088 2125 fuisse.
1130 2061 1186 2125 De
1207 2058 1310 2161 Glyco

287 2159 397 2211 autem
412 2145 559 2224 lectione,
574 2146 629 2232 qui
643 2145 705 2210 hoc
721 2147 794 2210 loco
808 2145 905 2210 habet
917 2144 959 2221 τίς
972 2153 987 2223 ἡ
1002 2145 1074 2233 θύρα
1086 2150 1123 2209 τῦ
1138 2150 1217 2225 Oui,
1231 2146 1302 2213 dui.

333 2231 416 2296 Ibid.
431 2230 454 2295 l.
472 2245 516 2297 14.
537 2233 604 2318 carpi
624 2234 715 2309 Ἰησοῦ
732 2237 781 2294 τοῦ
800 2237 855 2294 uici
873 2239 921 2295 τοῦ
934 2235 989 2295 ἄνθ
1014 2231 1023 2255 ’
1048 2232 1091 2317 ου]
1108 2233 1215 2297 Deest
1225 2238 1261 2294 τῦ
1272 2236 1310 2297 att

287 2317 321 2382 in
336 2319 412 2383 MS.
428 2316 567 2417 Norfolc.
586 2316 777 2417 Georgicque
792 2315 944 2403 Syncella.
980 2256 1113 2414 Sanus
1130 2332 1311 2383 autemnon

288 2403 411 2468 videtur
432 2404 547 2501 legisse
567 2405 658 2482 Ἰησέ,
680 2426 735 2488 qur
756 2403 859 2481 vertit,
884 2402 968 2488 Quid
988 2426 1037 2467 nee
1059 2413 1175 2467 tuturo
1200 2402 1261 2467 ntis
1280 2402 1312 2466 de

288 2489 370 2553 Filio
391 2489 548 2554 lerninis?
569 2511 672 2575 neque
694 2487 840 2574 agnoscit
859 2509 970 2551 vocem
991 2425 1312 2574 Hegesippiilacerp·

288 2587 366 2654 tuni,
385 2575 416 2639 in
438 2598 503 2662 quo
522 2579 640 2661 ἐρωτᾶτε
662 2596 720 2660 pro
742 2578 903 2662 ἐπεςωτᾶτε,
922 2574 1004 2639 sicut
1023 2574 1109 2660 apud
1128 2572 1312 2662 Syncellurn,

287 2661 393 2725 minus
407 2673 481 2746 apte
494 2674 656 2724 exaratum
671 2673 729 2722 est.

333 2748 366 2810 P.
382 2762 447 2823 195.
462 2747 484 2809 l.
497 2760 528 2808 3.
551 2746 586 2818 ὠς
601 2748 666 2807 davd
681 2751 720 2828 τῷ
734 2749 780 2829 υἱῷ
795 2741 897 2827 Antii]
916 2742 1059 2829 Scaliger
1072 2742 1105 2807 ln
1120 2743 1312 2810 animadver-

290 2831 432 2895 sionibus
447 2830 634 2893 Eusebianis
650 2829 719 2893 haec
734 2829 774 2893 de
789 2829 913 2894 Jacobo
928 2828 1014 2892 dicta
1027 2849 1096 2892 esse
1111 2828 1313 2895 existimavitr

289 2916 341 2978 cui
366 2917 397 2978 in
419 2937 458 2978 eo
478 2916 608 3000 quidem
624 2915 715 2978 facile
730 2915 894 2979 assentior.
938 2913 1001 2977 Sed
1016 2912 1104 3012 quod
1119 2929 1219 3063 negat
1232 2914 1314 2980 idem

288 3000 432 3086 Scaliger
444 3001 601 3064 lacobum
625 3000 723 3063 lilium
745 2999 850 3064 David
870 2998 932 3062 dici
951 3012 1105 3084 potuisse,
1120 2999 1154 3062 in
1192 3023 1232 3064 oc
1244 3022 1314 3101 gra·

287 3087 366 3151 viter
390 3086 613 3150 hallucinatur.
659 3085 731 3150 Fuit
750 3086 834 3149 enim
852 3085 993 3148 Jacobus
1016 3083 1097 3148 lilius
1118 3085 1315 3173 loseph1,ac

288 3172 420 3260 proinde
439 3171 590 3236 oriundus
612 3194 651 3235 ex
671 3171 767 3257 stirpe
790 3168 904 3235 David.
943 3170 1040 3233 Porro
1057 3170 1256 3235 verissimum
1271 3184 1317 3235 est

288 3258 376 3345 quod
401 3260 445 3323 ait
468 3256 619 3343 Scaliger,
644 3278 697 3320 eos
721 3256 775 3342 qui
799 3257 927 3320 Osanna
947 3255 1180 3333 acclamabant,
1200 3257 1317 3342 palmas

289 3345 435 3408 manibus
453 3357 578 3428 gestare
596 3343 753 3406 debuisse.
800 3341 902 3427 Cujus
925 3340 970 3403 rei
991 3339 1114 3404 illustre
1135 3340 1316 3428 exemplum

288 3443 337 3505 est
350 3429 383 3493 in
398 3428 558 3493 itinerario
575 3426 871 3514 Hierosolymitauo
887 3425 1042 3489 Antonini
1057 3426 1210 3491 monachi
1222 3448 1255 3512 p.
1269 3442 1316 3492 3⁰.

289 3518 337 3579 Ex
359 3537 424 3600 quo
446 3513 608 3591 discimus,
630 3535 753 3576 morem
775 3511 852 3575 olim
875 3511 971 3573 luisse
994 3509 1264 3590 Christianorum,
1283 3526 1317 3577 ut

288 3600 456 3685 Episcopis
479 3621 515 3662 ac
536 3597 729 3684 presbyteris
749 3596 987 3660 advenientibus
1001 3596 1126 3660 obviam
1140 3597 1316 3682 proceden-

288 3700 336 3748 tes
351 3685 482 3749 honoris
495 3706 601 3762 causa,
615 3683 827 3746 acclamarent
841 3682 980 3745 Osanna.
1016 3680 1066 3744 lli
1086 3694 1235 3746 veneunt
1251 3704 1318 3747 mu·

291 3769 378 3834 lieres
394 3770 427 3833 in
441 3791 595 3832 occursum
609 3768 693 3831 realis
707 3790 774 3830 ntra
792 3764 975 3852 infantibus,
993 3765 1115 3849 palmas
1130 3765 1163 3830 in
1178 3767 1319 3832 manibus

291 3865 435 3934 tenentes,
450 3867 480 3918 et
498 3852 653 3938 ampullas
668 3875 735 3916 cunt
751 3874 865 3916 rosaceo
882 3850 965 3915 oleo:
990 3862 1020 3915 et
1037 3861 1211 3935 prostratae
1228 3852 1319 3950 pedi·

290 3941 343 4005 lus
358 3940 480 4018 nostris,
497 3939 627 4023 plantas
646 3949 764 4002 nostras
784 3937 951 4025 ungebant,
967 3936 1196 4023 cantabuntque
1210 3937 1257 4002 lan

289 4024 465 4114 AEgyptica
488 4024 656 4108 psallentes
682 4023 893 4107 antiphonam.
948 4022 1107 4087 Benedicti
1131 4045 1184 4087 vos
1209 4047 1229 4088 a
1252 3960 1320 4089 gia

289 4113 383 4192 mino,
410 4109 640 4195 benedictusque
664 4110 812 4173 adventus
840 4120 948 4187 aester,
974 4130 1089 4173 osanna
1117 4107 1151 4171 in
1180 4109 1320 4174 excelsis.

292 4200 381 4263 ldem
404 4209 539 4261 testatur
560 4194 656 4259 etiam
680 4196 899 4281 Hieronymus
922 4193 954 4257 in
979 4216 1050 4279 cap.
1069 4193 1131 4257 xxi.
1154 4195 1321 4260 Matthaei.
