2716 4748
271 334 337 404 354
608 314 970 383 auuorurrouns

271 500 385 574 utpote
397 486 431 552 in
446 487 561 552 Rutino
593 509 645 552 am
661 488 764 567 obvia,
780 488 822 553 sit
834 488 996 576 antiquior
1010 486 1123 568 altera,
1139 485 1309 555 dicendum

271 574 379 660 potius
395 589 455 653 est,
470 575 511 639 ab
525 511 638 638 eabem
654 598 731 640 voce
746 577 828 649 αὐτὸς
842 574 1028 661 absorptam
1044 595 1119 638 esse
1139 573 1225 638 hanc
1242 573 1309 662 jem

271 673 344 724 ante
356 661 535 748 Nicephori
548 676 694 747 tempora
704 662 736 726 in
749 661 912 725 nonnullis
923 661 1019 726 codd.
1044 661 1215 725 Caeterum
1225 656 1311 727 haud

272 745 419 833 displicet
434 749 468 813 S.
480 750 523 812 V,
533 747 677 811 Walchii
692 748 860 826 sententia,
876 750 930 835 qui
946 749 989 812 ob
1007 749 1146 812 Pontum
1159 746 1310 834 patriam,

271 833 316 919 rei
331 834 467 898 nauticae
482 833 656 897 admodum
674 833 828 911 deditam,
845 833 1005 898 Marcioni
1022 835 1104 898 hanc
1119 830 1310 920 appellatio·

272 941 345 983 nem
360 919 493 984 inditam
510 932 613 1005 putat.
637 921 808 984 Sanora.
851 921 981 985 Desunt
1001 941 1094 984 voces
1118 925 1132 983 ὁ
1156 918 1259 997 ruins
1277 920 1310 985 ‘m

274 1005 346 1069 eod.
363 1028 493 1094 quoque
507 1005 604 1070 Socii·
619 1006 698 1071 etin
713 1006 857 1069 versione
868 1006 1006 1085 Valesii3
1021 1007 1124 1071 sedin
1135 1005 1218 1071 MS.
1230 1006 1307 1071 ller-

260 1091 343 1178 solc.
360 1098 373 1154 t
389 1094 438 1156 obs
452 1096 544 1166 αὐτοῖς
558 1113 616 1177 pro
631 1097 644 1154 t
659 1091 756 1169 ναύτης
771 1092 924 1178 scripturn
942 1105 1039 1156 extat.

315 1179 531 1257 Ρ.349.1.13.
555 1177 688 1263 llo'rnot]
706 1177 829 1259 llbrrpog
843 1177 888 1242 ed.
906 1178 1012 1263 Stepb.
1047 1177 1182 1243 Rectius
1202 1177 1237 1243 in
1250 1199 1306 1243 ωε

271 1263 341 1328 dice
368 1266 458 1329 Man.
480 1263 572 1328 Med.
598 1264 681 1328 Fuk.
704 1276 738 1328 et
758 1263 916 1329 Saviliano
937 1265 1059 1350 legitur
1079 1262 1217 1338 Πότιτος.
1258 1263 1305 1329 sic

270 1347 356 1414 enim
378 1351 595 1414 Theodoritus
617 1349 649 1413 in
673 1349 755 1413 libro
771 1352 799 1413 1.
822 1349 1045 1415 haereticarum
1067 1349 1306 1431 fabularum!

271 1436 405 1501 Rufinus
417 1459 492 1502 eum
507 1436 683 1500 nominant.
698 1437 907 1500 Venustus.
932 1437 1021 1500 Citat
1035 1449 1153 1500 testem
1170 1457 1232 1523 pro
1244 1437 1304 1502 lec·

271 1521 358 1586 tione
386 1524 513 1605 Πότιμος
541 1522 705 1587 Strotbius
732 1521 1050 1607 Gbristopborsonnnt,
1077 1521 1175 1609 cujus
1203 1534 1305 1588 tamm

269 1611 365 1673 versio
390 1610 537 1674 Potinum
564 1609 705 1695 praefert,
734 1621 890 1694 notatque
917 1609 965 1673 vir
992 1607 1034 1672 cl.
1058 1607 1198 1682 Πόντικος
1224 1608 1305 1695 apud
1329 1658 1331 1667 .

270 1692 400 1780 Mcepb.
414 1707 532 1775 extare,
548 1693 635 1781 quod
650 1693 783 1781 quidem
799 1693 875 1760 MS.
885 1710 999 1759 noster
1011 1692 1153 1780 Norfolc.
1170 1694 1276 1760 habet.

314 1780 399 1845 Ibid.
414 1782 436 1845 l.
452 1794 498 1845 14.
520 1786 560 1866 τῷ
576 1785 705 1865 Ποντικῷ
720 1779 820 1866 Λύκῳ]
835 1781 966 1867 Ittigius
981 1780 1119 1846 Dissert.
1133 1781 1189 1844 De
1199 1781 1305 1846 ΗΜ-

270 1865 409 1945 siarcbr’s,
422 1879 500 1930 sect.
510 1866 543 1930 ii.
556 1888 626 1952 cap.
637 1880 666 1930 8.
678 1888 709 1951 p.
724 1873 789 1930 156.
813 1874 834 1905 ‘⁶
846 1868 933 1931 Inter
944 1865 1121 1930 Marcionis
1133 1866 1307 1954 discipulos

269 1959 291 1992 ‘⁶
306 1951 369 2015 fuit
383 1955 545 2031 Lucanus,
557 1973 655 2038 quem
670 1952 730 2015 sub
744 1953 873 2016 nomine
886 1951 980 2030 Abas,
995 1974 1054 2016 seu
1067 1951 1137 2038 lupi
1154 1953 1307 2018 Pontida

269 2043 292 2077 “
308 2037 466 2102 Rhodone
486 2037 572 2123 apud
593 2037 769 2102 Eusebium
785 2038 842 2102 lib.
854 2063 883 2101 v.
899 2060 971 2124 cap.
988 2053 1033 2102 13.
1049 2037 1174 2103 Hister.
1190 2037 1307 2104 Eccita

269 2129 291 2162 ‘⁴
307 2122 444 2210 intelligi
457 2123 618 2188 existimat
631 2124 799 2189 Baronius.
835 2126 959 2189 Verum
978 2124 1140 2189 Marcioni
1154 2125 1266 2211 potius
1275 2124 1309 2191 irl

267 2215 561 2296 “cognomentum
581 2231 602 2274 a
622 2209 781 2274 Rhodone
795 2211 986 2276 attributum
1002 2211 1110 2291 firisse,
1124 2211 1308 2298 praeceden·

269 2300 292 2336 “
307 2295 388 2360 tium
401 2297 570 2361 verborum
583 2309 753 2361 contextus
768 2295 919 2360 indicat.”

314 2383 348 2445 P,
361 2397 429 2446 350.
444 2383 466 2446 l.
479 2397 508 2445 2.
531 2383 668 2471 προςάτης
682 2383 820 2470 Σῦνερως]
834 2381 1011 2467 aperueritis
1025 2383 1064 2447 Σ.
1076 2381 1155 2446 MS.
1170 2381 1307 2469 Norfolt.

270 2468 472 2548 Gallandius‚
488 2469 544 2554 qui
564 2470 597 2531 in
615 2481 706 2532 tomo
722 2469 754 2532 ii.
771 2468 975 2532 Bibliothecae
989 2491 1054 2531 suae
1069 2471 1207 2532 Petrum
1224 2470 1309 2535 Rho·

269 2553 363 2617 donis
388 2557 582 2641 Fragmenta
597 2555 716 2639 posuit,
732 2555 765 2618 S.
778 2555 1001 2640 Augustinum
1020 2554 1072 2618 hic
1087 2556 1179 2618 affert
1204 2557 1239 2618 in
1257 2556 1309 2621 lib.

270 2640 307 2704 de
322 2639 445 2704 Hoeres.
460 2663 529 2727 cap.
542 2641 617 2704 xxii.
632 2640 790 2719 Marcion,
812 2664 831 2703 α
856 2664 914 2727 quo
931 2640 1147 2719 Marcionitae,
1166 2642 1310 2706 Cerdonis

270 2736 389 2789 secutus
404 2737 449 2789 est
464 2727 613 2813 dogmata
627 2726 664 2789 de
679 2726 793 2790 derebus
807 2726 987 2811 principiis:
1010 2727 1153 2812 quumvis
1167 2727 1310 2813 Epipho-

269 2812 340 2873 nius
361 2834 430 2874 euru
453 2813 514 2874 triu
538 2813 621 2875 dieat
645 2813 807 2876 asseruisse
827 2813 994 2898 principia,
1017 2814 1150 2893 Bonum,
1171 2815 1309 2892 Jnstum,

269 2898 419 2959 Pronum.
457 2898 517 2960 Sed
544 2898 692 2960 Eusebius
721 2899 872 2984 Synerurn
898 2899 1062 2984 parendum,
1085 2922 1146 2963 uon
1168 2899 1309 2965 Marcio·

270 3004 350 3058 nera,
380 2983 475 3045 triurn
499 2983 723 3068 principiorum
749 2996 841 3072 atque
864 2996 1048 3048 naturarum
1074 2984 1182 3048 scribit
1209 2997 1309 3050 auoto-

270 3090 346 3130 rern.
1004 3117 1006 3121 -

315 3154 397 3218 Ibid.
421 3153 443 3216 l.
469 3169 515 3217 12.
544 3154 732 3241 ebplrauvrar]
761 3157 872 3220 Habet
895 3155 1097 3241 lilicepbornS,
1126 3156 1186 3241 qui
1211 3158 1309 3223 mults

271 3240 378 3304 tamen
400 3262 459 3324 pro
481 3240 574 3304 libitu
595 3242 729 3318 refinxit,
746 3241 804 3324 εἴγε
823 3243 901 3323 μόνον
920 3242 1007 3329 ἔργοις
1022 3245 1142 3325 ἀγαθοῖς
1156 3245 1308 3326 ἐξετάζων·

269 3351 312 3388 το.
355 3327 419 3389 Sed
443 3328 547 3390 firmat
573 3327 744 3390 lectionem
772 3328 903 3392 alteram
928 3343 1016 3392 vetus
1042 3329 1202 3414 interpres
1225 3328 1307 3416 Rust-

270 3431 338 3474 nris.

316 3495 399 3559 lbitl.
421 3499 453 3559 rb
476 3499 503 3559 δὲ
525 3499 641 3562 πάντων
662 3497 852 3584 decapitatur]
884 3500 1017 3563 Rufinus
1039 3499 1119 3584 legit
1141 3502 1306 3579 capientur,

271 3597 308 3646 ut
323 3585 518 3647 extersione
534 3586 604 3671 ejus
624 3598 750 3648 constat
768 3608 840 3669 quae
862 3587 907 3650 sic
928 3587 1045 3649 habet:
1069 3584 1249 3670 Manifeste
1262 3598 1305 3650 ta·

271 3691 339 3731 rnen
354 3669 532 3734 decernebat
547 3672 584 3733 de
596 3673 673 3749 Deo,
688 3671 761 3735 sicut
774 3671 993 3754 premisimus
1008 3694 1103 3734 unum
1119 3693 1184 3734 esse
1195 3671 1305 3757 prinoi-

268 3755 369 3839 pinrn.
408 3757 516 3841 Quam
532 3756 702 3820 lectionem
720 3771 847 3820 secutus
862 3772 911 3822 est
924 3759 1021 3821 ctiam
1039 3758 1304 3843 Christophorso·

272 3864 342 3905 nus.
379 3842 500 3904 Verum
516 3842 587 3904 haec
603 3844 823 3926 interpretatio
838 3845 990 3908 ferrinon
1006 3858 1123 3929 potest.
1168 3846 1304 3909 Primum

271 3927 355 3991 enim
379 3929 510 3990 verbum
534 3930 724 4013 ἐδογματίζεν
748 3931 902 4012 passivam
919 3929 1017 3992 habet
1031 3930 1305 4015 significationem.

270 4013 409 4091 Deinde,
425 4028 551 4077 tanturn
572 4017 662 4077 abest
680 4029 714 4076 n*
734 4015 866 4098 Apelles
887 4016 1137 4101 disputationem
1161 4017 1204 4081 de
1225 4018 1305 4090 Deo,

271 4100 471 4163 manifestam
495 4114 592 4185 atque
614 4100 796 4184 expeditam
817 4124 887 4165 esse
909 4102 1059 4165 diceret·
1090 4101 1180 4189 Quin
1205 4103 1305 4188 potius

271 4187 443 4263 asserebat,
462 4207 529 4248 rem
551 4207 620 4248 esse
643 4189 788 4249 omnium
811 4188 1069 4252 obscurissimam
1081 4213 1089 4268 ;
1115 4207 1306 4276 prorsusque

271 4271 352 4338 nihil
365 4272 446 4338 sciri
469 4293 562 4359 posse
587 4272 627 4336 de
648 4273 737 4352 Deo,-
751 4295 789 4338 ac
812 4296 852 4340 ne
872 4275 960 4363 ipsos
981 4274 1113 4364 quidem
1135 4276 1306 4364 prophetas
