2716 4748
280 274 343 341 174
616 258 980 328 Anuornrronrs

277 446 337 573 ppt
351 425 483 491 Graecas
496 424 640 492 civitates
653 428 714 494 sub
730 430 786 495 Pio
801 431 886 515 Imp.
900 430 1050 511 excitato,
1062 428 1161 521 cujus
1173 438 1316 504 meminit

320 509 398 574 elito
421 510 523 575 verbis
548 512 631 577 infra
654 535 725 600 cap.
747 520 798 578 26.
837 517 899 597 (At
923 536 1015 580 cons.
1038 528 1135 581 notas
1159 540 1260 621 supra
1280 524 1316 587 sd

276 613 378 680 pagg.
399 598 609 679 123,et125.)
647 599 851 681 Auctoritste
871 598 935 663 hac
955 600 1111 687 Dionysii
1132 600 1318 671 Corinthio

276 700 349 741 rum
365 679 507 763 episcopi
527 680 629 745 frenis
650 678 735 747 idem
757 680 950 747 Dodwellus
969 680 1097 749 initium
1160 688 1318 757 utilieatus

279 764 401 827 Soteris
415 763 456 827 ad
472 779 619 849 tempora
635 766 682 829 Pii
697 768 780 851 lmp.
794 766 936 845 retraxit,
949 780 984 833 et
996 770 1030 832 in
1044 769 1089 833 A.
1137 818 1148 835 .
1161 786 1233 837 1⁵3.
1247 796 1320 839 oon·

272 846 365 934 jecit.
400 848 476 913 Vid.
501 849 529 911 e'
596 850 734 915 Dissert.
758 852 811 915 De
837 851 1047 933 Suoeessione
1074 854 1175 919 Rom.
1203 858 1319 923 Pontii.

184 1016 189 1023 Ι
276 932 378 995 c.xiv.
393 955 425 995 n.
442 948 469 996 1.
543 936 725 999 .Lownrr.
768 934 838 999 Sub
860 935 968 1001 Murci
985 936 1114 1003 Aurelii
1134 940 1321 1025 primordii,

276 1030 450 1103 postquam
473 1017 547 1080 Pius
566 1040 701 1104 regnare
720 1017 876 1095 desiisset,
890 1021 1152 1105 persecutionem
1173 1026 1321 1111 gravissi·

277 1122 365 1165 mam
385 1100 546 1187 quandam
566 1104 738 1167 excitatam
758 1124 829 1167 esse
848 1118 963 1169 contra
977 1104 1197 1187 Christianos,
1212 1110 1320 1177 validis

277 1186 478 1334 nun
499 1186 1321 1347 ststnsssnnnelnstet.

276 1353 429 1454 Dionysii
448 1356 535 1420 istud
554 1356 596 1420 de
618 1295 839 1421 Roma’ndrum
853 1379 933 1443 erga
945 1295 1163 1445 mmlym’iu
1182 1292 1320 1431 rrgrdgtallis

277 1452 472 1505 constitutos
492 1440 705 1507 beneficentia
721 1440 777 1506 ad'
808 1442 955 1507 rusentio
972 1444 1035 1507 sub
1053 1444 1319 1533 Soterespectet,

276 1544 318 1587 eo
348 1524 504 1590 infirmius
534 1525 686 1591 reddetur
703 1526 770 1590 'Do
794 1525 880 1591 welli
911 1542 1145 1615 argumentum
1177 1552 1243 1617 pro
1272 1556 1319 1599 re·

277 1610 468 1675 tractatione
491 1609 614 1675 Soteris
637 1610 678 1675 nd
703 1624 850 1697 tempora
873 1611 932 1689 Pii,
954 1613 1081 1677 etiamsi
1104 1616 1236 1683 vexatio
1260 1618 1319 1685 ista

276 1694 339 1759 sub
359 1694 424 1759 illo·
437 1696 631 1780 imperatore
652 1718 760 1760 revera
779 1695 963 1781 contigerit.
1007 1700 1052 1761 Et
1070 1700 1194 1765 rectius
1212 1702 1318 1769 forsan

276 1778 332 1842 alii
345 1800 385 1842 ex
399 1779 565 1844 communi
582 1780 734 1865 opinione
752 1780 840 1844 hunc
862 1781 1086 1865 episcopatum
1103 1782 1192 1849 iutm
1213 1786 1317 1853 Mami

276 1861 416 2011 Aurelii6
423 1876 569 1949 tempora
589 1862 815 1930 collocandum
835 1878 962 1951 putant,
982 1866 1040 1952 qui
1060 1886 1201 1953 regnare
1220 1872 1317 1959 oepit

276 1962 390 2009 annot
421 1963 445 2009 r.

320 2032 357 2093 Ρ.
370 2037 438 2107 167.
453 2031 476 2095 l.
491 2046 539 2096 ll.
562 2034 594 2095 δι’
608 2030 645 2097 ὧν
658 2032 800 2118 vinnm]
818 2034 868 2097 ital
880 2034 1005 2099 addunt
1020 2034 1126 2100 Christ
1167 2038 1201 2103 lt.
1215 2040 1314 2109 [ΕΜ.

276 2127 312 2180 et
329 2116 412 2179 Vers.
434 2119 607 2183 Srnoru.
643 2119 802 2199 πέμποντες
817 2140 878 2204 pro
891 2118 1021 2201 stipam
1037 2120 1113 2183 Cod.
1164 2122 1277 2209 orfolc.

320 2198 403 2265 lbid.
416 2200 439 2265 l.
455 2217 502 2266 12.
523 2203 756 2287 διαφυλᾶτῖοντες]
775 2203 1005 2283 dispositiones
1019 2203 1200 2291 Christoplt.
1215 2210 1313 2277 Iaecll·

276 2285 451 2367 φυλάτῑοντες
465 2288 596 2372 llicepl.
618 2288 789 2353 Srnoru.
823 2290 955 2370 Ῥωμαῖοι
978 2289 1090 2353 statim
1104 2304 1181 2355 aute
1194 2294 1313 2359 omittit

251 2428 255 2437 .
275 2371 353 2435 MS.
369 2372 460 2435 Bodl.
476 2395 533 2438 seu
550 2372 647 2437 Sooil.

320 2456 504 2522 Ibid.l.14.
525 2462 638 2544 Σωτὴρ]
665 2459 828 2545 Σωτήριχος
851 2458 905 2522 hic
929 2469 963 2522 et
988 2479 1115 2543 semper
1138 2459 1219 2525 alibi
1240 2462 1311 2527 MS.

276 2541 418 2628 Norfolc.
435 2541 584 2629 idemque
601 2565 717 2607 nomen
732 2543 808 2606 huic
824 2544 976 2628 episcopo
997 2542 1163 2641 Georgius
1183 2546 1207 2609 S
1233 2546 1312 2611 ucel-

274 2626 325 2690 lus
348 2627 617 2715 Nicephorusque
637 2627 704 2692 CP.
722 2629 758 2690 in
775 2627 1038 2712 Chronogropltiis
1057 2650 1136 2705 suis,
1156 2644 1193 2693 et
1209 2570 1310 2719 Euty·

276 2709 369 2775 chius
391 2711 628 2776 Alexandrinus
647 2714 678 2776 in
695 2710 872 2776 Annalibus
885 2712 927 2775 ad
944 2733 1021 2797 pag.
1034 2726 1106 2790 359,
1119 2711 1311 2781 indiderint

277 2794 452 2859 soterichus
465 2798 499 2860 in
515 2811 591 2860 vett.
607 2796 749 2881 inscript.
765 2796 908 2861 occurrit
924 2797 1012 2882 apud
1026 2797 1219 2863 Grutertuu.

320 2879 404 2943 lbid.
430 2881 588 2963 ἔπηῦξηκεν]
606 2881 755 2965 Stephani
772 2881 945 2945 lectionem
966 2879 1080 2958 ηὔξηκεν
1101 2884 1265 2949 revocavit
1283 2884 1311 2949 ln

275 2985 429 3048 nuperam
451 2965 504 3029 ed.
527 2988 617 3029 suam
641 2966 815 3042 Strothius,
831 2988 927 3052 quam
952 2965 1058 3028 firmat
1071 2965 1269 3050 Niceploms
1283 2970 1312 3033 in

278 3049 420 3114 Historia
434 3050 524 3114 Eccl.
545 3051 602 3114 sed
623 3072 698 3112 cum
716 3050 847 3113 Valesio
870 3050 992 3114 faciunt
1016 3048 1147 3114 codices
1167 3052 1265 3116 Bodl.
1284 3066 1312 3116 et

276 3134 417 3284 iliopsolc.
456 3135 562 3200 Vertit
582 3134 713 3221 thfinos
733 3148 823 3199 vetus
843 3135 1010 3218 interpres,
1032 3134 1086 3197 sed
1105 3146 1137 3197 et
1165 3136 1260 3201 anxit
1284 3137 1313 3200 in

274 3245 323 3285 nze
337 3243 395 3285 ms.

319 3306 402 3370 lbid.
424 3310 467 3369 ἐπι
494 3313 597 3393 ορηγῶν
607 3306 671 3389 μὲν]
684 3303 875 3371 Notandum
891 3316 941 3367 est
954 3303 1078 3369 illustre
1091 3303 1314 3371 testimouium

275 3390 428 3477 Dionysii
456 3335 700 3455 dorinthiorum
729 3389 882 3486 Episcopi
913 3390 955 3452 de
985 3390 1132 3452 Romana
1158 3389 1314 3467 Ecclesia,

276 3472 1315 3624 sinsin‘2¹:13¹{sinsinenttnlffljmnn

826 3604 836 3635 5
1321 3624 1325 3631 .

275 3642 433 3708 damnatis
454 3658 511 3708 aut
529 3645 563 3707 in
583 3643 730 3707 exsilium
744 3641 861 3721 missis,
874 3642 1027 3706 alimenta
1039 3656 1073 3706 et
1087 3664 1224 3707 munera
1236 3644 1316 3709 sub·

275 3728 403 3792 mittere
425 3742 642 3792 consueverat.
686 3728 725 3790 In
747 3727 833 3790 hunc
854 3750 948 3791 usum
973 3727 1091 3791 fiebant
1111 3726 1261 3791 collectio
1282 3726 1314 3791 in

275 3812 418 3877 Ecclesia
435 3815 580 3877 Romana
593 3812 706 3877 diebus
719 3809 910 3889 Dominicis,
922 3811 963 3875 de
1001 3812 1096 3875 uibus
1111 3824 1240 3876 exstant
1256 3810 1315 3875 ali-

275 3911 357 3982 quot
371 3897 405 3959 S.
421 3898 538 3961 Leonis
559 3900 653 3982 Papae
674 3916 846 3959 sermones.
889 3834 1161 3981 Quaelaudabilis
1175 3917 1316 3961 consue·

274 3982 356 4049 tudo
372 3979 442 4080 jam
465 3982 539 4044 inde
561 3981 712 4067 oprimis
735 3980 970 4065 Apostolorum
995 3979 1194 4125 temporibus
1220 3979 1315 4045 insti-

274 4082 355 4144 tuta,
378 4088 412 4131 in
431 4084 595 4164 postrema
614 4067 711 4129 etiam
733 4064 963 4150 persecutione*
975 4064 1062 4127 Dioc
1074 4063 1172 4127 etiani
1193 4078 1318 4127 servata

274 4164 334 4231 est,
349 4165 386 4216 ut
407 4150 459 4216 luc
480 4162 616 4217 testatur
638 4149 820 4215 Eusebius:
841 4171 908 4236 quo
923 4162 1071 4238 tempore
1085 4146 1232 4213 Ecclesia
1246 4150 1324 4213 Ro·-
