2716 4748
87 370 102 385 ,
204 373 210 387 ,
277 304 331 382 IN
352 307 587 382 HEGESIPPI
611 309 909 380 FRAGMENTA.
1048 326 1109 400 24'5

70 484 169 554 i'ecile
189 487 400 573 respondetur
421 509 460 551 ex
482 484 777 575 Hieronymo,'qui
798 484 933 549 modum
957 481 1112 570 loquendi

70 575 116 638 ab
130 574 321 659 Hegesippo
335 573 367 636 in
382 573 516 637 historia
529 585 719 658 usurpatum
734 572 920 636 observavit.
950 569 1009 635 Ille
1023 571 1111 635 enim

70 660 107 724 in
127 660 278 745 catalogo
300 659 341 723 de
362 658 418 722 illo
440 660 538 723 veteri
559 659 730 744 Scriptore,
748 659 893 746 Quinque
915 654 1008 721 libros
1029 678 1110 720 com-

69 745 177 831 posuit
199 752 334 809 sermone
354 744 503 830 simplici,
523 756 559 809 ut
581 766 710 832 quorum
731 744 830 808 uitam
856 742 1040 822 sectabatur,
1062 742 1112 806 di-

69 829 162 895 cendi
172 852 292 919 quoque
304 831 489 916 exprimeret
503 831 721 895 characterem.
755 831 945 894 Pusnsom.
960 831 1014 894 De
1030 830 1111 893 Suo·

68 917 218 982 cessione
241 917 419 1003 primorum
446 918 560 981 Romae
583 917 690 1003 Episc.
713 936 826 1002 capr.
844 938 877 1003 p.
892 930 943 980 24.
968 937 988 979 a
1012 916 1109 981 Reu-

71 1022 220 1071 ntuoro
235 1002 362 1067 allatus.

117 1090 249 1155 Notntu
275 1088 410 1175 dignum
437 1101 498 1168 est,
526 1110 598 1158 com
624 1109 711 1153 arere
736 1090 864 1175 διαδοχὴν
890 1087 1049 1152 Saviliano
1077 1088 1111 1154 iu

70 1174 186 1239 codiee
200 1174 256 1262 qui
276 1175 309 1238 in
331 1175 525 1239 bibliotheca
539 1177 588 1239 Bo
613 1175 715 1239 leiana
730 1188 945 1255 conservatur,
958 1175 1044 1238 unde
1059 1194 1111 1240 se·

68 1260 193 1347 quitur,
207 1281 272 1324 non
287 1261 459 1347 sumpsisse
477 1283 516 1325 ex
536 1261 599 1326 hoe
620 1261 749 1347 quidem
773 1260 992 1346 manuscripto
1014 1284 1110 1326 suum

67 1342 211 1433 rumpes
233 1346 398 1426 Sevilium,
419 1347 479 1410 etsi
500 1346 663 1412 Strothius
680 1368 792 1411 vocem
810 1349 843 1411 in
863 1358 985 1410 textum
1009 1369 1111 1434 nuper

68 1432 238 1517 receperit,
263 1431 493 1510 Seruilianum
517 1434 572 1512 ait,
597 1432 696 1496 codice
721 1433 824 1511 nixus,
849 1432 889 1496 de
914 1454 981 1518 quo
1008 1436 1110 1499 inodo

68 1518 231 1598 Valesius,
254 1529 284 1582 et
309 1517 572 1602 Christoplrorsmi
593 1519 695 1583 Lectt.
720 1518 901 1606 Rccfiaoque,
922 1516 980 1583 sed
1001 1534 1111 1587 tamen

67 1600 111 1669 de
125 1602 301 1668 eorundem
320 1606 510 1668 auctoritate
524 1602 684 1668 dubitans.

114 1689 375 1776 Interpretatioui
394 1703 502 1754 autem
524 1690 694 1755 verborum
709 1689 892 1778 Hegesippi
905 1688 946 1754 ab
961 1689 1112 1756 eruditis·

67 1774 154 1840 simo
172 1776 342 1840 Pearsonio
355 1775 461 1840 allatae
475 1775 554 1840 dum
569 1776 664 1840 multi
677 1776 795 1854 favent,
809 1776 891 1840 inter
906 1798 988 1863 quos
1004 1776 1113 1842 calcu·-

67 1860 145 1926 lum-
164 1882 258 1926 suum
279 1861 310 1925 ei
331 1861 456 1926 addidit
471 1863 610 1926 Grabius
631 1863 664 1926 in
679 1861 787 1947 Spicc'l.
803 1865 937 1926 Petrum
958 1861 1019 1926 fine
1039 1862 1111 1950 ipso

67 1947 134 2012 rol.
146 1946 180 2011 ii.
196 1946 297 2011 nihilo
311 1959 419 2012 tamen
434 1948 540 2012 minus
555 1948 642 2012 Sam.
657 1948 834 2034 Basnagius
849 1948 881 2011 in
894 1947 1013 2012 Arraei.
1025 1947 1112 2013 Peli·-

70 2032 269 2098 tico2Bccles.
285 2034 326 2098 ed
342 2056 394 2098 sn.
412 2040 480 2098 156.
495 2055 607 2097 causas
627 2034 782 2120 quasdam
803 2033 972 2100 dubitandi
989 2055 1111 2122 propo·

68 2119 148 2198 suit,
161 2130 272 2184 utrum
286 2121 404 2207 scripta
418 2119 515 2183 fuerit
534 2120 575 2184 ab
596 2119 789 2206 Hegesippo
805 2120 1026 2185 Romanorum
1041 2121 1112 2222 epi-

70 2224 128 2271 soo
151 2220 247 2270 orum
262 2205 433 2270 successio.
479 2207 569 2270 Dum
584 2226 657 2270 vero
673 2228 738 2270 non
760 2206 805 2269 ita
825 2207 1011 2273 necessarie
1030 2207 1114 2278 mihi

68 2226 203 2377 quibem
224 2290 294 2355 istae
309 2313 414 2355 esusae
425 2291 586 2370 uidentur,
602 2291 671 2377 ipse
685 2291 732 2355 vir
753 2290 958 2356 doctissimus
980 2294 1112 2358 Pearso·

69 2376 175 2441 nianae
194 2377 450 2462 interpretationi
468 2377 630 2462 suppetias
646 2378 728 2442 ferre
745 2377 970 2462 dignatusest.
1007 2385 1029 2416 “
1042 2379 1113 2442 Ob·

69 2468 93 2502 “
102 2462 179 2551 jicit
192 2462 264 2542 sibi,
283 2463 411 2550 (inquit)
428 2485 468 2525 ex
484 2462 649 2528 Halloixio
665 2463 862 2541 Peersouius,
880 2463 971 2550 Quod
984 2465 1114 2548 διαδοχὴν

67 2554 93 2588 “
106 2548 287 2631 musseium,
301 2549 537 2613 successionem
559 2548 740 2634 composui,
762 2570 822 2611 nou
843 2547 885 2612 sit
906 2548 1114 2616 usitatissime

69 2639 93 2674 “
104 2631 230 2699 lomtio.
267 2632 453 2720 Respondet
467 2647 575 2698 autem
598 2655 637 2698 ex
660 2635 876 2721 Hieronymo,
892 2636 948 2720 qui
962 2635 1112 2701 observa·

68 2724 93 2760 “
106 2718 153 2784 vit
167 2718 201 2784 in
215 2718 378 2807 Catulogo
395 2720 436 2783 de
458 2719 514 2784 illo
533 2720 633 2784 veteri
655 2721 831 2805 scriptore:
857 2719 1001 2808 Quinque
1019 2719 1116 2788 libros.

69 2811 93 2845 “
108 2805 277 2890 composuit
297 2828 431 2870 sumone
450 2804 594 2890 simplici,
608 2815 644 2870 ut
659 2826 788 2892 quorum
807 2802 906 2869 clitum
926 2805 1112 2884 sectabatur,

68 2897 93 2931 “
106 2890 231 2955 dicundi
246 2912 365 3042 quopue
385 2891 569 2977 exprimeret
584 2891 801 2956 characterem.
843 2893 968 2955 Nostro
985 2890 1112 2978 judicio

69 2983 94 3019 “
107 2976 174 3042 alio
187 2990 304 3064 respon
327 2999 380 3041 ere
395 2977 496 3042 modo
510 2978 628 3063 potuit.
671 2980 802 3062 Nempe
817 2977 999 3065 Hegesippi
1013 2977 1112 3065 phut-‘-

69 3068 94 3103 “
108 3062 171 3127 si'm
192 3064 292 3128 Lucae
315 3063 454 3128 orationi
477 3084 607 3148 prorsus
631 3063 768 3127 similem
793 3085 873 3141 esse,
893 3073 1007 3150 πρῶτον
1026 3063 1112 3148 λόγον

68 3153 93 3187 “
108 3148 278 3232 ἐποιησάμην
294 3149 441 3298 primum
470 3147 583 3212 librum
610 3149 726 3235 corrfeci
756 3149 841 3232 (Act.
865 3150 886 3211 i.
913 3149 989 3230 1.).''
1026 3150 1111 3215 Haec

69 3233 262 3320 Basnsgius.
321 3233 422 3320 spineis
441 3246 550 3298 autem
570 3246 659 3298 vetus
677 3235 832 3319 interpres
846 3233 892 3298 ita
910 3233 1014 3311 vertit,
1032 3234 1112 3302 Cum

69 3329 178 3385 aurem
198 3318 346 3383 venissem
360 3304 501 3398 Remum,
517 3322 677 3406 permansi
696 3320 785 3396 inibi,
800 3320 893 3384 donec
905 3318 1034 3385 Aniceto
1055 3319 1112 3385 So·-

70 3414 119 3469 ter
130 3414 165 3469 et
175 3404 283 3470 'Soteri
296 3405 437 3470 successit
454 3404 665 3484 Eleutbems3
687 3417 819 3492 propter
838 3405 1007 3491 repetitam
1024 3406 1113 3473 enim

69 3510 185 3557 vocem
202 3492 336 3569 Ἀνικήτε
355 3492 451 3555 verba
472 3491 578 3555 media
596 3491 629 3555 in
650 3491 773 3570 codiee,
790 3512 887 3578 quem
905 3490 960 3554 ille
981 3504 1112 3561 secutus

67 3590 129 3656 cst,
153 3577 275 3640 omissa
298 3577 425 3641 fuerant
436 3601 446 3654 3
471 3576 558 3663 quod
581 3576 688 3663 ipsum
711 3575 745 3641 h.
761 3577 783 3640 l.
804 3579 837 3641 in
862 3577 974 3643 codice
998 3590 1111 3643 nostro

70 3660 213 3749 Norfolc.
235 3662 358 3727 factum
380 3676 440 3727 est.
484 3665 526 3726 Et
549 3663 682 3727 forsitan
705 3684 744 3726 ex
765 3662 826 3728 hac
848 3664 1110 3750 interpretatione

70 3764 168 3812 suum
182 3747 264 3811 illud
278 3747 416 3836 διατςιέὴν
430 3760 596 3813 mutuatus
612 3762 660 3812 est
676 3748 823 3825 Savilius,
839 3764 938 3834 prout
952 3771 992 3817 ex
1007 3748 1110 3816 isthec

70 3833 369 3919 recentioribusque
392 3835 588 3899 versionibus
609 3834 699 3898 ¹idem
725 3836 897 3918 sumpsisse
926 3834 1110 3903 Halloixius

71 3918 208 3983 videtur.
230 3920 406 3984 Eusebium
417 3920 547 4005 quidem
561 3920 688 3984 invenio
700 3919 744 3984 ita
755 3920 946 3983 scribentem
958 3920 991 3983 in
1000 3920 1057 3984 lib.
1068 3921 1109 3991 vi,

74 4002 161 4070 Hist.
175 4024 247 4091 cap.
264 4020 310 4082 19.
324 4004 480 4082 ὑπεξελθὼν
497 4004 679 4088 (Origenes)
696 4010 743 4081 τῆς
758 4005 967 4091 Ἀλεξανδρείας
980 4006 1028 4068 καὶ
1041 4007 1109 4087 unii

73 4094 122 4165 τὰς
137 4091 203 4153 κατ’
219 4088 353 4175 Αἵγυπῖον
371 4088 511 4178 διατςιὸἂς
531 4094 666 4171 ἀσφαλεῖς
686 4095 773 4175 ἑαυτῷ
793 4091 951 4176 ἡγούμενος,
962 4089 1050 4156 turm
1066 4091 1109 4155 iai

74 4174 249 4255 Παλαιςῖνης
263 4179 290 4238 ἐν
306 4177 466 4263 Καισαρείᾳ
479 4179 530 4251 ταὶς
541 4173 681 4261 &tarpeius
695 4179 818 4240 ἐποιεῖτο.
841 4176 915 4242 Vid.
931 4186 965 4238 et
981 4173 1111 4238 Chroni-

73 4281 127 4328 cm
140 4258 239 4334 utu.
258 4282 319 4335 seu
332 4260 487 4333 Pasclmle
497 4283 532 4352 p.
543 4274 612 4334 227.
627 4259 679 4328 ed.
693 4261 869 4351 Ducungii.
911 4259 977 4328 Sed
999 4256 1111 4337 mmsis

563 4359 618 4400 na
846 4351 850 4361 '
