2716 4748
155 276 210 355 xii
526 281 837 413 espen-'rio

155 463 273 538 centis
298 466 487 542 memoriae
511 470 657 544 criticos
683 471 830 561 addam,
850 470 1139 574 Wesselingium
1162 485 1203 552 et

154 585 449 683 Valckenarium,
478 593 547 689 qui,
572 596 733 670 multum
764 620 884 696 operae
912 599 1040 673 inhia
1070 580 1201 677 studiis

153 710 317 784 colendis
334 728 546 811 posuerunt.

200 831 360 908 Exteros
377 836 557 932 quosdam
574 837 776 932 nilmorer,
793 843 856 939 qui
870 842 1075 929 libertatem
1091 845 1201 944 quid·

150 954 207 1028 vis
230 958 412 1032 sentiendi
432 987 477 1033 ae
499 961 646 1037 dicendi
672 989 746 1060 quo
770 965 944 1061 majorem
963 968 1032 1040 sibi
1050 948 1200 1066 suisque

149 1095 380 1180 comparent,
403 1084 584 1159 unitatem
611 1111 698 1160 cum
726 1088 888 1163 eeclesiae
904 1101 993 1162 'tum
1020 1090 1199 1167 doetrinae

149 1203 371 1280 labefactant
392 1219 431 1280 et
452 1210 677 1299 convellunt,
697 1237 736 1282 re
758 1210 887 1307 utique
905 1211 1070 1311 neglecta
1087 1226 1199 1311 atque

150 1325 281 1418 derisa,
304 1354 390 1426 quae
417 1356 534 1428 usque
559 1333 606 1404 ab
633 1333 811 1430 evangelii
836 1345 921 1406 ortu
951 1333 1076 1433 magni
1102 1320 1199 1411 faeta

143 1464 217 1540 est,
235 1464 274 1524 et
290 1452 370 1526 sine
385 1480 461 1551 qua
486 1456 714 1554 periclitetur
737 1482 885 1529 necesse
907 1470 964 1529 est
985 1458 1198 1535 Christiane

148 1572 253 1648 fides.
299 1575 366 1649 lsti
386 1578 563 1652 nimirum
583 1605 648 1677 per
664 1602 811 1650 eausam
832 1579 980 1651 laetioris
996 1605 1125 1654 cursus
1143 1593 1198 1656 at·

148 1712 221 1804 qne
243 1726 431 1774 successus
447 1702 622 1790 veritatis,
640 1727 715 1773 non
735 1701 854 1775 solum
872 1701 1044 1798 antiquos
1060 1693 1196 1802 patres,

146 1832 185 1893 et
209 1833 373 1894 veterum
395 1822 696 1896 Christianorum
725 1823 954 1922 religionem,
980 1825 1080 1922 parri
1108 1826 1198 1901 faet-

146 1955 229 2035 unt,
262 1970 390 2018 verum
424 1946 536 2031 etiam
571 1946 791 2045 posthabitis
819 1945 948 2018 :Sacris
982 1947 1196 2047 seripturis,

147 2094 238 2164 quas
255 2069 407 2166 quidem
429 2069 525 2168 ipsas
546 2070 697 2143 incertae
715 2070 846 2143 volunt
862 2095 940 2141 esse
957 2070 1122 2168 originis,
1140 2096 1198 2144 re-

146 2191 386 2289 gulam-'fidei
416 2192 460 2264 iis
491 2178 611 2269 inesse
637 2193 847 2291 denegant3
874 2203 923 2283 et,
951 2193 983 2265 si
1011 2200 1197 2292 praecept‘a

146 2315 306 2413 excipias
325 2315 487 2408 moralia,
501 2314 636 2387 iisdem
662 2314 762 2388 haud
786 2327 943 2388 necesse
956 2341 1034 2387 esse
1057 2327 1099 2388 ut
1115 2326 1195 2390 ere'·

145 2438 265 2529 datur,
292 2450 429 2511 temere
455 2449 810 2538 prorsus-statuunt.
862 2438 922 2511 An
954 2438 1015 2510 isti
1045 2439 1120 2510 sint
1145 2464 1194 2513 ex

36 2659 38 2662 Α
137 2561 270 2634 'animo
298 2562 521 2654 Christiani,
543 2562 643 2635 haud
677 2587 826 2658 quaero;
866 2561 918 2632 ita
951 2582 1193 2659 esse-qnam·-

143 2684 271 2775 obrem
289 2683 459 2775 debeant,
476 2710 523 2757 ex
545 2685 736 2783 principiis
751 2682 1019 2778 -seilieee--quae
1032 2683 1101 2782 ipsi
1121 2672 1193 2758 sibi·

144 2805 346 2906 posuerint,
363 2805 535 2887 idoneam
556 2807 658 2879 satis-
671 2830 820 2879 eausam
840 2805 998 2902 reperire
1016 2831 1091 2878 non
1107 2792 1193 2904 pos·

145 2955 240 3003 sum.
289 2929 397 3001 Stent
411 2929 515 3001 enim
529 2939 674 3028 oportet
690 2928 905 3001 auctoritate
921 2927 1080 3001 fontium
1098 2929 1192 3003 divi·

132 3079 277 3126 norum
300 3063 434 3125 nostrae
458 3052 657 3150 religionis,
673 3051 892 3147 quicunque·
904 3050 1093 3129 veritatem
1111 3051 1189 3148 ejus

143 3176 350 3274 diligenter.
363 3199 405 3247 ae
433 3175 526 3246 serio
551 3173 805 3270 investigatam
834 3199 875 3244 se
904 3173 1076 3270 amplecti
1105 3198 1192 3271 pro-

144 3303 336 3384 fitean-tur3
359 3299 430 3377 nisi
447 3299 540 3372 forte
557 3297 682 3371 omnia
700 3323 761 3368 sus
780 3296 898 3391 deque
914 3297 1048 3368 habere
1061 3297 1189 3388 velint,

142 3421 438 3509 etlundamenta
462 3434 598 3494 sanetae
621 3418 826 3516 disciplinae
840 3403 980 3490 -eallide
998 3430 1034 3490 et
1050 3432 1190 3493 vetera·

142 3545 235 3618 torie
258 3545 478 3619 subvertere,
529 3543 649 3617 Iidem
674 3555 799 3615 tamen
827 3528 993 3615 homines
1018 3553 1127 3632 recte,
1146 3557 1189 3617 ut

142 3680 245 3770 pute,
263 3669 359 3740 hanc
383 3678 512 3740 tenent
533 3667 765 3754 sententiam,
783 3691 849 3764 pro
867 3650 940 3738 lide
954 3693 1028 3774 'sua
1044 3691 1135 3764 vaga
1152 3679 1190 3739 et

128 3793 307 3882 solubili,
332 3790 437 3887 eujus
462 3801 682 3864 commenta⁴
700 3788 799 3861 delet
828 3789 917 3878 dies,
944 3789 1099 3861 minime
1124 3788 1189 3861 ad-

143 3914 307 3988 eundum
325 3940 402 3986 esse
418 3914 504 3986 vitae
523 3913 740 4012 periculum,
758 3924 827 3984 aut.
839 3912 1072 4008 subeundum
1092 3938 1189 3984 mar-

143 4037 307 4135 tyrium3
335 4034 398 4108 sed
423 4062 511 4134 pace
537 4036 682 4109 illorum
709 4034 879 4124 dixerim,
897 4034 1023 4130 inique
1044 4036 1090 4106 ab
1114 4036 1188 4109 illis

142 4173 253 4258 atque
270 4158 472 4232 inhumane
493 4158 530 4232 in
550 4159 620 4232 hoc
636 4157 708 4258 agi,
725 4156 825 4258 quod
842 4157 930 4257 quia
945 4157 997 4232 ita
1014 4159 1188 4258 sentiant,
