2716 4748
277 269 329 339 IN
350 272 586 345 HEGESIPPI
609 264 906 335 FRAGMENTA.
1047 284 1108 352 227

67 436 190 526 λνορνιῑν
207 444 256 519 τὴν
277 439 430 518 'lactatam
452 446 526 505 cum
550 440 582 504 id
603 441 735 504 verbum
757 436 798 503 de
819 434 951 502 urbibus
973 435 1109 514 dicatur,

69 544 138 589 uon
153 538 261 589 autem
277 526 319 588 de
377 527 497 588 ntibus.
544 526 675 588 Rufinus
698 542 828 610 quoque
848 536 882 585 et
903 520 1109 606 Nicephorus

68 630 127 673 eas
146 628 240 673 voces
260 546 475 673 nonllabent.
497 610 705 672 Vunnsrus.
748 607 851 670 Addit
864 605 1038 679 Strothius‚
1077 604 1110 691 ui

69 694 196 779 primus
216 706 307 757 textu
329 693 399 756 hoec
420 693 603 770 eliminavit,
626 692 737 756 codicis
761 689 866 755 Veneti
889 690 990 752 Lectt.
1004 711 1067 751 -ver
1089 710 1110 751 a

70 794 138 857 nen
154 777 289 855 habere}
305 777 393 862 quod
409 780 506 840 etiam
521 776 561 838 tle
576 778 677 840 MSS.
693 775 785 839 Bodl.
799 789 833 838 et
847 773 985 859 Norfolc.
1002 773 1109 859 Hege-

69 860 155 1007 slqppi
170 860 340 945 Excerpto,
360 860 505 947 Georgia,
527 860 689 947 Glycuque
709 877 818 924 verum
839 872 900 923 est.
947 859 1057 921 Habet
1077 869 1111 921 et

108 946 205 1029 toeplr.
220 946 268 1008 nal
283 946 361 1019 εὐθὺς
376 953 391 1022 ἡ
406 946 560 1028 πολιορκία
573 950 629 1019 τοῖς
642 943 781 1017 Ἰουδαίοις
796 947 886 1027 ἀρχὴν
899 941 1065 1025 ὲλᾶμὲανεν.

78 1074 83 1081 -
115 1028 283 1093 Caeterum
296 1048 335 1092 ex
346 1029 492 1114 Josepho
506 1029 659 1094 historico
670 1027 777 1092 statim
794 1040 868 1112 post
883 1027 990 1111 posuit
1005 1030 1110 1091 Euse-

68 1112 146 1177 bius
159 1114 431 1199 aliamquaudam
454 1113 494 1176 de
514 1126 618 1176 morte
637 1113 753 1176 Jacobi
773 1111 998 1187 narrationem,
1012 1132 1111 1196 quam

68 1198 205 1261 minime
217 1198 386 1261 convenire
399 1218 474 1260 cum
491 1197 730 1283 Hegesippiana
745 1209 860 1281 putant
870 1211 908 1259 et.
916 1195 1063 1259 Valesius
1076 1208 1110 1258 et

69 1282 252 1367 Basnagius
277 1282 443 1359 annalista,
470 1282 510 1344 ad
535 1306 585 1344 an.
613 1303 673 1344 ux.
696 1302 786 1344 num.
800 1287 830 1343 6.
849 1294 928 1343 tom.
945 1282 972 1343 Ι.
992 1302 1023 1365 p.
1037 1293 1108 1354 701.

70 1366 202 1429 Etenim
226 1366 325 1430 tradit
343 1367 505 1450 Josephus
529 1366 584 1428 lib.
599 1387 651 1428 xx.
668 1366 782 1451 Antip.
805 1387 875 1449 cap.
896 1378 925 1427 8.
948 1364 1110 1429 Jacobum

68 1450 203 1513 fratrem
214 1450 234 1513 J
237 1470 294 1513 esu
307 1472 372 1513 una
386 1472 461 1513 cum
477 1450 669 1534 quibusdam
690 1450 759 1513 aliis
774 1452 815 1511 ab
829 1451 944 1512 Anano
958 1448 1111 1533 pontifice

69 1532 271 1619 injudicium
282 1548 411 1598 vocatos
423 1555 503 1611 esse,
514 1534 765 1618 lapidandosque
776 1555 832 1596 eos
844 1532 951 1595 abillo
965 1532 1110 1596 traditos.

68 1618 164 1703 Duas
173 1632 280 1681 autern
291 1618 373 1681 inter
386 1640 420 1681 se
435 1618 584 1680 historias
595 1638 789 1703 componere
800 1616 1033 1701 aggrediuntur
1045 1615 1111 1679 Ca-

68 1701 141 1767 v'ius
160 1701 193 1765 in
211 1700 245 1763 V
243 1701 294 1765 itt.
310 1702 452 1784 Apostol.
473 1696 504 1763 in
524 1702 556 1764 S.
575 1703 702 1765 Jacobo
723 1702 808 1764 Min.
829 1715 862 1764 et
882 1700 1110 1764 Tillemontius

69 1784 305 1859 tom.1.Mem.
320 1784 405 1849 Hist.
415 1784 503 1849 Eacl.
514 1787 586 1848 loco
598 1787 695 1871 paulo
705 1807 801 1871 supra
812 1785 962 1847 indicate.
992 1784 1116 1848 Itidem·

57 1868 280 1935 'doctissimus
297 1870 423 1959 juvenis
444 1872 498 1934 Jo.
515 1870 630 1956 Philip.
650 1868 832 1935 Baraterius
854 1870 886 1931 in
907 1869 1050 1955 Disquis.
1073 1870 1112 1933 de

71 1954 208 2021 Success.
223 1954 447 2039 Episcoporurrr
459 1955 547 2018 Rom.
558 1976 587 2017 c.
596 1956 634 2017 vi.
645 1968 734 2040 p.70.
749 1967 783 2017 et
794 1975 862 2040 seq.
871 1955 892 2018 J
894 1954 1032 2017 acobum
1046 1976 1113 2017 non

69 2052 151 2103 tunc
172 2040 327 2125 temporis
348 2040 447 2103 morti
469 2039 623 2102 traditum
646 2060 715 2102 esse
738 2050 895 2116 autumat,
918 2038 1048 2123 quando
1069 2038 1112 2100 ab

70 2124 196 2187 Anano·
207 2124 442 2188 condemnatus
461 2124 585 2201 fuisset,
604 2123 661 2187 sed
682 2136 805 2209 postea,
825 2123 980 2206 temporis
1001 2123 1112 2208 aliquo

69 2207 177 2293 spatio
190 2209 370 2295 interjecto.
393 2209 492 2271 Porro
506 2204 650 2271 Clericus
661 2208 694 2270 in
703 2210 777 2271 Art.
792 2206 871 2271 Crit.
885 2208 918 2269 P.
929 2207 972 2270 iii.
985 2207 1072 2270 Sect.
1083 2208 1111 2270 Ι.

70 2312 102 2355 c.
116 2306 164 2355 15.
176 2314 361 2377 quanquam
376 2292 565 2376 Hegesippo
578 2292 609 2354 in
622 2292 731 2376 paucis
744 2304 869 2353 tantum
887 2291 1111 2375 adstipulatur,

69 2376 180 2440 locum
191 2375 325 2461 losepbi
340 2378 482 2460 spurium
496 2392 528 2438 et
540 2378 581 2438 ab
593 2399 632 2438 eo
645 2376 894 2462 abjudicandum
910 2398 978 2437 esse
992 2388 1113 2439 censet.

69 2461 184 2546 Atque
197 2461 425 2545 interpolatum
439 2460 578 2523 eundem
594 2461 691 2524 fuisse
705 2460 835 2523 nomine
848 2458 967 2537 Jacott,
985 2459 1114 2544 judicat

68 2544 263 2621 Lardnerus,
276 2566 351 2608 cum
364 2545 452 2622 alibi,
465 2559 535 2607 turn
549 2542 668 2608 vot'iii.
685 2543 898 2629 Supplemeuti
912 2544 1028 2629 Operis
1042 2546 1113 2631 ejus

69 2650 143 2729 cap.
153 2629 214 2692 xri.
230 2640 308 2693 sect.
319 2644 348 2692 5.
384 2629 447 2692 Sed
460 2628 589 2692 Clerico
604 2629 636 2691 in
653 2628 713 2692 hac
728 2652 763 2692 re
777 2629 972 2712 refragatum
988 2650 1057 2693 esse
1071 2629 1112 2693 cl.

70 2712 284 2791 Michaelem,
306 2727 417 2776 munet
442 2712 650 2777 Gerbrandus
675 2714 763 2778 Elias
786 2713 921 2779 Dissert.
944 2714 1056 2800 Inarrg.
1080 2713 1114 2776 ia

70 2796 181 2882 Epist.
194 2798 299 2876 Judoe,
315 2818 348 2882 p.
362 2809 408 2872 17.
446 2799 525 2861 Mea
542 2798 672 2882 quidem
695 2797 862 2876 sententia,
878 2800 1004 2861 etiamsi
1024 2798 1113 2883 prius

26 2902 30 2909 ·
69 2880 160 2946 dicta
183 2881 225 2946 de
244 2882 371 2946 Jacobo
394 2903 501 2945 revera
528 2883 691 2967 scripsisse
715 2883 878 2969 Josephus
902 2883 1113 2962 existimetur,

70 2964 160 3029 haud
176 2978 345 3051 propterea
359 2967 513 3051 sequitur,
523 2980 559 3030 ut
572 2968 650 3030 nihil
667 2967 852 3032 omninode
866 2968 927 3031 hac
941 2990 975 3030 re
991 2990 1114 3031 errave·

69 3050 114 3115 rit
128 3050 314 3129 historicus,
328 3063 361 3113 et
374 3064 488 3113 contra
502 3051 582 3114 falsa
596 3052 693 3116 fuerit
711 3052 892 3138 Hegesippi
912 3051 1114 3137 aliorumque

69 3147 228 3219 praeterea
247 3134 398 3198 narratio.
442 3134 541 3199 Certe
560 3136 731 3215 Eusebius,
746 3138 801 3223 qui
821 3150 992 3221 utramque
1009 3135 1113 3198 histo-

70 3220 154 3283 riam
176 3218 244 3283 sine
265 3219 333 3282 ulla
353 3219 536 3282 alterutrius
558 3241 592 3282 re
616 3221 803 3285 rehensione
822 3220 964 3298 adduxit,
979 3240 1114 3284 accura-

69 3302 197 3367 tissime
210 3300 436 3388 Hcgesippum
452 3302 491 3366 de
505 3240 631 3368 laceio
646 3307 807 3390 scripsisse
823 3306 878 3369 ait.
923 3328 933 3337 ·

116 3388 153 3449 Ρ.
171 3392 237 3465 196.
263 3388 285 3449 l.
300 3402 349 3449 22.
366 3386 435 3449 Ἔτι
461 3388 489 3449 δὲ
512 3395 651 3474 captiuas
677 3391 751 3474 lire]
782 3390 869 3453 Ante
895 3389 1113 3475 fragmentum

70 3470 146 3534 haec
159 3470 268 3555 posuit
282 3471 440 3535 Eusebius
452 3494 461 3545 ς
483 3478 541 3534 Τοῦ
561 3476 582 3535 i
602 3478 685 3537 αὐτοῦ
703 3479 861 3555 Δομετιανέ
874 3476 936 3546 τοὺς
950 3477 1003 3536 ἀπὸ
1019 3472 1114 3558 γένννς

71 3552 168 3618 Δαῦδ
180 3559 341 3645 &sapricius
355 3558 562 3640 ωροςᾶξαντνς,
576 3560 704 3632 παλαιὸς
718 3557 834 3645 κατέχει
854 3558 938 3641 λόγος
959 3566 1013 3621 τῶν
1036 3564 1112 3645 aipa-

71 3646 159 3703 rmir
171 3663 249 3712 τινας
262 3646 452 3725 κατηγορῆσαι)
461 3646 520 3703 τῶν
533 3642 675 3725 ἀπογόνων
689 3644 788 3705 Ἰούδα·
811 3648 893 3705 viror
908 3643 935 3703 δὲ
949 3642 1014 3721 εἶναι
1028 3646 1113 3707 ἀδελ-

72 3724 123 3803 φὸν
136 3728 213 3786 κατὰ
234 3724 329 3808 σάρκα
345 3730 382 3786 rai
401 3724 540 3811 Σωτῆρος·
564 3728 599 3800 ὡς
619 3725 672 3788 iras*
692 3726 785 3808 γένους
799 3726 996 3811 τυγχανόντων
1012 3726 1114 3807 aaut,

75 3808 124 3869 aul
141 3810 178 3880 ὥς
198 3810 271 3870 airzi
289 3808 454 3893 σνγγὲνεναν
467 3816 504 3870 rt
518 3816 623 3895 Χρνςνῦ
637 3811 778 3895 φερόντων.
800 3818 892 3872 ταῦτα
906 3813 933 3872 δὲ
948 3812 1026 3887 δηλοῖ
1037 3818 1114 3875 κατὰ

75 3894 151 3967 λέξιν
165 3890 215 3955 ὧδέ
229 3918 294 3967 πως
308 3893 400 3977 λέγων
413 3900 427 3954 ὁ
440 3896 630 3977 Ἡγήσιππος.
653 3894 735 3959 ''ETl
752 3896 779 3957 δὲ
792 3901 931 3982 περιῆσαν
944 3896 1003 3958 &c.
1035 3896 1115 3959 Cum

76 3996 144 4037 vem
163 3974 246 4039 idem
264 3976 465 4043 Domitianus
486 3980 641 4042 universos
662 3981 717 4064 qai
738 4002 758 4043 a
780 3980 904 4044 Danide
922 3979 1045 4066 generis
1066 3980 1114 4042 sui

78 4059 226 4209 afficta
241 4060 397 4140 tuerent,
413 4062 705 4148 interficijussisset,
719 4056 907 4150 uetusfumu
921 4076 966 4127 est
979 4074 1115 4148 posteros

76 4169 81 4176 ·
189 4144 258 4229 rjus
277 4146 334 4233 qai
354 4148 518 4212 secuudum
539 4169 662 4212 carnem
674 4146 786 4235 frater
811 4148 929 4215 Christi
944 4146 1070 4232 fuerat,
1094 4168 1115 4211 a

570 4255 593 4299 Q
605 4246 622 4293 2
