2716 4748
163 291 208 369 3ο
495 273 858 346 ANNOTATIONm
894 324 898 335 .
932 314 944 335 .·

161 444 302 538 ιγιῶτατος
316 451 423 526 καί-τῆς
436 454 543 536 γραφῆς
555 451 676 531 elliam.
723 451 808 515 Cum
824 472 896 514 veto
911 446 980 517 laus
993 444 1079 518 absit¹
1091 448 1192 521 codd·

164 538 267 601 tribus
292 559 310 600 a
334 536 462 600 Valesio
488 534 681 612 memoratis,
703 536 818 621 quibus
845 535 1024 602 Seruilianus
1051 540 1084 603 in
1111 542 1192 605 Bib*

163 622 257 688 lioth.
280 620 372 686 Bodl.
392 635 425 685 et
446 620 539 683 codex
558 620 695 706 Norj'olc.
718 644 802 684 nunc
823 622 958 686 addendi
979 638 1065 702 sunt,
1083 635 1190 711 neque

163 708 275 771 eadem
289 730 308 770 a
323 705 430 790 Rufino
455 706 623 790 interprete
643 707 736 769 veteri
759 722 960 791 agnoscatur,
975 730 1039 771 non
1061 708 1191 777 dubitat

161 793 209 856 vir
230 791 282 855 ille
302 791 514 868 doctissimus,
530 810 666 876 quocum
689 791 741 853 alii
763 793 975 871 consentiunt,
994 794 1071 879 quin
1093 796 1190 859 verba

162 878 203 942 ab
218 878 364 962 imperito
376 876 514 963 quodam
531 875 700 939 scholiasta
713 876 837 974 adjecta
849 878 920 955 sint,
932 895 1045 962 praeter
1058 879 1189 944 Etrsebii

161 977 301 1026 mentem
325 978 419 1048 atque
440 960 637 1024 sententiam.
687 962 839 1025 Delendit
864 978 970 1025 tamen
993 965 1134 1028 Grabius
1155 964 1189 1028 in
1223 1022 1228 1029 .

156 1046 273 1132 ¹Spicil.
294 1062 371 1112 tom.
384 1049 416 1111 ii.
436 1068 467 1132 p.
482 1060 530 1109 28.
551 1061 583 1109 et
601 1066 641 1108 ex
658 1067 698 1108 eo
720 1045 847 1110 Ceillier
863 1047 948 1110 Hist.
968 1048 1118 1113 Genaua
1136 1049 1188 1113 des

161 1136 299 1196 Auteurs
314 1134 394 1197 Suc.¹
404 1143 433 1195 et
451 1131 567 1195 Eccles.
583 1146 661 1194 tom.
675 1131 701 1193 l.
716 1153 747 1216 p.
761 1138 829 1195 686.
852 1145 886 1195 et
906 1133 1095 1197 Gallandius
1111 1137 1189 1199 Pro-

162 1217 271 1305 legom.
288 1220 318 1281 in
335 1217 481 1281 Biblioth.
499 1220 640 1293 Puerum,
654 1237 722 1299 cap.
736 1239 766 1279 x.
781 1237 812 1301 p.
826 1224 875 1292 67.
896 1217 951 1302 qui
972 1219 1081 1282 omnia
1099 1219 1189 1305 frag-

159 1315 279 1380 menta,
294 1326 365 1389 qnae
388 1303 525 1366 Grabius
546 1302 648 1386 Papiae
669 1301 852 1387 collegerat,
867 1302 899 1364 in
915 1302 1109 1367 Bibliotheca
1127 1303 1188 1368 hac

159 1410 217 1454 sua
229 1389 345 1467 edidit3
360 1410 467 1452 vereor
477 1403 583 1450 autem
600 1400 635 1450 ut
648 1385 687 1449 de
701 1386 845 1450 locorum
861 1387 942 1451 inter
955 1409 989 1452 se
1003 1410 1188 1474 repugnan-

158 1473 204 1538 tia
219 1475 311 1559 plene
326 1474 540 1539 satisfecerint.
1176 1506 1179 1511 -

203 1560 266 1624 Sed
280 1559 349 1623 haec
370 1559 532 1623 hactenus.
567 1555 621 1620 Ad
644 1555 763 1620 fontem
786 1556 944 1643 opinionis
965 1558 1053 1644 quod
1072 1559 1189 1624 attinet

158 1643 200 1709 de
225 1647 426 1710 renovatione
451 1644 535 1706 orbis
558 1657 723 1718 terrarum,
746 1663 818 1729 quaa
840 1642 938 1729 longe
958 1644 1086 1730 lateque
1108 1644 1186 1709 olim

159 1732 284 1815 serpsit,
295 1744 328 1794 et
342 1731 437 1813 etiarn
451 1750 533 1792 nunc
546 1728 669 1789 dierum
686 1726 765 1788 inter
777 1728 895 1792 multos
908 1730 1080 1813 permansit
1095 1729 1188 1795 theo*

158 1814 264 1902 logos,
275 1815 412 1879 Grabius
423 1829 493 1876 ante
505 1811 644 1875 ostendit
653 1810 692 1874 ad
702 1811 788 1896 prius
798 1835 837 1875 ex
850 1815 976 1878 Irenaen'
983 1814 1087 1898 Papiae
1098 1814 1186 1900 frag-

158 1916 314 1979 mentum,
324 1900 507 1963 inveterasse
518 1899 608 1960 istam
620 1896 704 1981 apud
716 1897 837 1981 priscos
847 1899 988 1963 Judaeos.
1004 1899 1077 1964 Vid.
1090 1900 1188 1987 snpra

182 2008 199 2048 a
226 1998 295 2060 ,27.
345 1986 441 2048 Porro
455 1985 496 2047 cl.
512 1983 606 2047 docet
627 1981 830 2046 Moshemins
845 1983 877 2047 in
892 2006 988 2070 opere
1001 1984 1120 2049 celebri
1135 1986 1188 2057 De

157 2007 258 2135 helas
274 2070 516 2134 Christianorum
532 2079 603 2130 orate
621 2068 853 2130 Conslnmr'nam
868 2071 919 2133 M.
939 2070 1018 2133 Saec.
1031 2070 1075 2134 iii.
1093 2073 1124 2153 6.
1134 2085 1186 2137 38.

182 2204 189 2218 .
203 2157 271 2232 721.
286 2170 359 2220 ante
376 2155 501 2240 Papiam
518 2154 657 2217 extitisse
672 2151 840 2217 Chiliastas
861 2177 943 2240 qnos
963 2166 1089 2233 vocant,
1104 2156 1186 2220 inter

145 2177 371 2318 ⁸1Ehrisrianos,
393 2262 450 2304 nec
476 2239 612 2303 Eusebio
639 2238 731 2300 fidem
761 2238 939 2304 hahendam
963 2261 1045 2319 esse,
1067 2240 1125 2326 qui
1145 2241 1186 2305 ab

155 2326 306 2413 episcopo
322 2325 562 2412 Hierapolitano
578 2345 663 2409 spem
682 2323 768 2387 mille
782 2347 936 2411 annorum
955 2325 994 2388 ad
1014 2340 1185 2412 sequentes

157 2412 305 2478 doctores
327 2434 469 2476 manasse
491 2411 595 2474 tradit.
618 2408 749 2496 ¹Quum
771 2410 854 2473 enim
877 2412 985 2496 Papias
1000 2411 1185 2496 opinionem

156 2520 220 2562 non
234 2498 380 2585 princeps
396 2495 632 2583 excogitaverit,
647 2516 755 2559 verum
771 2496 810 2557 ab
826 2496 894 2559 aliis
913 2496 1080 2581 acceperit,
1096 2496 1186 2583 quod

155 2584 224 2669 ipse
242 2606 306 2647 non
328 2585 438 2648 reticet
460 2583 616 2646 Eusebius
637 2580 699 2643 hoc
721 2581 804 2661 loco,
823 2582 1023 2669 perspicuum
1048 2602 1119 2646 esse
1139 2582 1186 2646 ait

155 2669 369 2745 Moshemius,
385 2680 458 2750 ante
480 2668 584 2752 ipsum
602 2664 671 2750 jam
695 2665 894 2730 Christianos
915 2681 1000 2731 certe
1024 2668 1186 2754 quosdam

146 2762 194 2815 'ea
212 2753 353 2816 imbutos
372 2753 479 2830 fuisse,
495 2752 642 2836 aquibus
657 2751 774 2835 posteri
788 2773 858 2814 earn
873 2752 994 2816 discere
1008 2755 1184 2837 potuerint.

156 2838 218 2900 His
240 2837 330 2901 addit
347 2838 392 2901 vir
408 2838 449 2900 cl.
467 2838 622 2900 Irenaeum
643 2835 758 2907 locoa
777 2858 828 2898 me
852 2858 947 2922 supra
967 2837 1126 2922 descripto
1142 2838 1185 2902 ad

154 2942 229 3008 pag.
246 2937 291 2986 10.
310 2922 438 3008 Papiam
461 2944 524 2985 non
544 2936 695 3007 tanquam
720 2936 882 2985 auctorem
904 2923 999 3010 hujus
1016 2924 1185 2986 sententiae

154 3007 293 3087 laudare,
307 3010 363 3073 sed
378 3007 560 3072 testimonio
574 3021 697 3071 tantunr
713 3007 781 3092 ejus
797 3029 830 3069 se
845 3008 937 3070 tueri.
970 3009 1041 3071 lmo
1057 3008 1098 3071 ab
1111 3008 1185 3092 ipso

155 3093 262 3179 Papia,
288 3096 320 3158 ni
343 3093 446 3171 fallor,
474 3093 649 3179 presbyteri
675 3091 772 3177 aliqui
800 3106 951 3178 tanquam
973 3092 1187 3163 traditionum

153 3179 285 3245 istarum
300 3193 446 3244 auctores
463 3178 549 3241 allati
563 3179 697 3241 fuerant.
741 3180 802 3240 Fac
821 3192 927 3241 autem
949 3179 1009 3241 ista
1022 3200 1095 3242 vera
1112 3199 1186 3242 esse

153 3265 273 3343 omnia,
288 3266 350 3328 hoc
371 3279 477 3328 tamen
497 3263 818 3340 animadvertendum,
835 3264 1008 3326 Eusebium
1029 3284 1093 3327 non
1112 3262 1186 3326 dix-

152 3349 225 3427 isse,
241 3351 367 3435 Papiam
390 3349 546 3435 opinionis
568 3347 658 3412 istius
676 3347 760 3410 αίτίοι
778 3348 938 3434 originem,
954 3348 1009 3412 sed
1027 3347 1184 3432 οταραίτιον

153 3434 262 3513 fuisse,
284 3456 409 3499 cansam
433 3433 505 3497 aliis
527 3435 729 3518 conjunctam,
751 3446 787 3496 ut
809 3456 870 3511 vox
893 3434 1053 3497 interdurn
1075 3447 1185 3513 sonat,

154 3541 219 3605 quo
233 3541 327 3584 sensu
342 3521 404 3584 illae
420 3540 548 3606 qnoque
564 3519 697 3591 συναίτιος
719 3531 752 3580 et
771 3518 911 3601 μεταίτιος
929 3519 1005 3603 poni
1019 3519 1133 3593 solent,
1148 3532 1186 3583 et

153 3604 245 3690 cujus
271 3607 441 3669 notationis
468 3604 649 3688 exemplum
675 3602 762 3666 dabit
786 3604 981 3689 Epiphanius
1007 3604 1076 3667 cdv.
1097 3602 1184 3677 Hee-

152 3712 242 3768 reses,
256 3693 345 3754 Haer.
356 3692 419 3753 xlii.
434 3711 465 3775 p.
477 3697 543 3752 368.
557 3690 607 3752 ed.
621 3689 746 3766 Patavii,
758 3689 813 3752 ubi
828 3690 918 3774 legia,
934 3701 1091 3775 quatenus
1107 3710 1185 3754 mo-

152 3777 226 3839 ralis
256 3789 314 3853 est,
338 3776 588 3839 observationem
619 3774 770 3858 οταραίτιοι
797 3775 907 3838 salutis
937 3774 1089 3860 appellat,
1115 3771 1184 3839 hoo

152 3861 262 3924 statim
276 3869 349 3946 post
363 3861 483 3937 addito,
499 3860 594 3922 fidem
609 3861 642 3923 in
656 3859 818 3922 Christum
836 3860 867 3922 in
882 3859 992 3922 eadem
1008 3859 1080 3944 lege
1097 3880 1184 3944 prae-

145 3946 270 4009 'dictam
287 3967 365 4025 esse,
379 3946 444 4009 sine
460 3968 522 4030 qua
533 3945 802 4030 nemojustificari
813 3944 923 4030 possit.
945 3945 1082 4017 Deinde,
1091 3944 1185 4029 quod

152 4032 327 4095 maximum
354 4047 413 4109 est,
437 4053 509 4094 curn
534 4031 666 4095 forsitan
687 4029 924 4115 antiquissimus
946 4030 1041 4093 fuerit
1067 4030 1108 4091 Pa
1133 4029 1183 4093 ias

151 4108 295 4183 oninium
311 4131 494 4180 nostrorum
515 4117 718 4200 scriptorum,
733 4115 787 4200 qui
806 4113 985 4176 istiusmodi
1006 4113 1083 4200 qnid
1105 4050 1185 4198 lite«

151 4203 196 4289 ris
213 4201 465 4292 consignassent,
484 4201 533 4268 vel
554 4200 601 4273 ita
618 4200 752 4264 loannis
772 4199 992 4288 Apocalypsin
1013 4197 1183 4286 exposuis-
