2716 4748
251 295 295 377 76
501 362 508 373 ,
582 289 939 359 ANNOTATIONES

248 460 356 526 statim
371 457 536 541 cessantia,
547 472 580 525 et
593 483 632 525 ne
648 461 776 547 quidem
792 461 953 526 stillicidio
967 460 1118 550 temporis
1131 482 1279 550 perseve-

248 547 359 626 rantis,
382 569 442 610 11011
459 547 534 612 ihesu
555 547 687 611 Domino
707 558 807 610 nostro
832 548 884 611 ted
907 548 1023 612 Simoni
1045 571 1134 636 mago
1158 549 1280 616 similes

249 632 485 697 osteauimrtar.¹

292 717 325 780 P.
341 729 390 793 73.
408 717 429 780 1.
447 731 493 780 11.
520 716 562 779 isi
583 715 681 802 χρόνον
706 716 806 865 mil]
834 717 876 780 tal
896 716 989 803 χρόνῳ
1012 716 1093 804 11111119
1122 718 1279 806 Georgius

248 801 273 867 S
294 802 410 866 aeolias
429 801 462 865 ia
486 798 737 886 chronographia
759 823 777 864 a
820 822 895 887 pag.
907 815 975 866 348.
991 801 1041 866 ed.
1057 803 1159 868 unicae
1174 805 1276 869 Goar.

247 824 303 952 aiii
323 909 357 951 re
380 885 477 952 etitur
497 907 536 950 ex
556 887 708 966 Eusebio,
723 887 779 950 sed
802 901 951 973 corrupte
966 887 1153 968 admodum,
1166 887 1222 954 hic
1236 889 1278 954 il·

247 909 468 1038 lustrisiocus.

291 1057 374 1122 Ibid.
396 1054 431 1130 ὥς
447 1082 478 1118 τε
494 1055 516 1141 ‘i
536 1059 571 1129 εἰς
589 1057 650 1129 τοὺς
668 1053 809 1141 ἡμετέρους
819 1054 933 1138 χρόνους
946 1057 1013 1130 τινὲς
1027 1060 1116 1120 αὐτῶν
1129 1057 1275 1143 apinam]

246 1146 335 1207 αὐτῶν
350 1164 369 1205 a
383 1137 550 1225 Nicephoro
565 1141 664 1205 abest.
710 1141 811 1204 Facile
829 1140 936 1225 potuit
953 1141 1095 1205 accidere
1108 1142 1278 1290 quadrato

246 1227 402 1292 Hadriani
418 1225 615 1311 temporibus
635 1225 690 1312 qui
714 1225 848 1311 scripsit,
863 1238 900 1289 ut
920 1226 1015 1289 simul
1029 1249 1102 1290 cum
1117 1227 1278 1291 1111111110-

245 1326 305 1393 ret,
328 1332 409 1399 quos
432 1312 578 1374 Servator
598 1311 765 1375 hominum
787 1311 833 1373 vel
857 1324 1029 1389 sanaverat,
1045 1312 1094 1376 vel
1116 1311 1156 1375 ad
1176 1312 1276 1376 vitam

246 1397 395 1462 divinitus
416 1408 623 1460 revocaverat.
666 1396 772 1459 Taceo
787 1395 827 1459 de
842 1395 996 1482 Agrippae
1018 1397 1155 1460 Minoris
1172 1397 1276 1476 anuis,

269 1505 313 1547 uo
336 1493 491 1568 praesente
515 1480 629 1546 Paulus
654 1502 673 1544 a
697 1480 819 1545 ostolus
847 1502 976 1544 causam
1003 1480 1094 1561 dixit,
1121 1480 1277 1568 quoniam

246 1506 362 1633 ihotic
376 1589 416 1631 ex
429 1568 524 1633 Justo
537 1566 664 1629 Tiberia
687 1588 704 1630 a
726 1578 852 1630 aetatem
874 1565 902 1652 ej
908 1586 944 1629 us
961 1567 1229 1631 commemoranti
1243 1567 1277 1631 in

245 1653 319 1718 cod.
332 1673 476 1717 xxxur.
486 1649 690 1715 Bibliothecae
703 1673 781 1731 suae,
795 1650 924 1736 plurimi
937 1651 993 1714 viri
1008 1651 1123 1716 eruditi
1137 1665 1193 1715 aut
1210 1664 1284 1716 11011Ι

138 1746 146 1752 “
245 1739 459 1815 consentiunt,
475 1749 532 1801 aut
544 1738 651 1800 vitiata
664 1737 759 1800 verba
777 1737 862 1801 Justi
881 1736 1063 1801 existimant
1072 1761 1082 1816 ;
1105 1736 1161 1801 sed
1176 1735 1277 1801 Cleo&

245 1823 319 1908 phae
341 1822 435 1901 filius,
456 1820 654 1906 Dominique
674 1822 751 1885 Jesu
772 1823 907 1885 fortasse
927 1821 1023 1885 frater
1043 1821 1194 1908 patruelis
1219 1835 1279 1887 aut

245 1907 466 1985 consobrinus,
492 1905 546 1969 hic
574 1916 624 1969 est
648 1906 801 1993 Symeon,
830 1907 1066 1993 Hierosolymae
1094 1908 1279 1993 episcopus,

240 2003 396 2081 sagmate
410 1992 555 2076 Trajano,
570 1991 623 2054 cui
641 1990 823 2054 Hadrianus
843 1991 898 2055 ille
918 1992 1080 2070 successit,
1096 1992 1182 2057 cruci
1204 2005 1278 2056 tan-

246 2078 321 2142 dem
346 2072 456 2140 affixus
480 2089 539 2140 est.
583 2076 622 2140 ld
645 2077 741 2140 tradit
764 2077 968 2163 Hegesippus
992 2077 1077 2162 apud
1098 2076 1278 2143 Eusebium

246 2163 358 2228 1111111.
381 2161 467 2226 Hist.
486 2183 515 2225 c.
531 2172 580 2224 32.
617 2162 715 2224 Porro
736 2161 747 2223 i
770 2182 803 2224 se
825 2183 952 2247 quoque
974 2163 1158 2250 Quadratus
1179 2162 1280 2227 simul

245 2270 322 2314 cum
343 2246 479 2332 Philippi
500 2246 703 2332 evangelistae
724 2182 848 2310 fiiiabus
863 2247 1006 2311 floruisse
1020 2246 1139 2313 dicitur
1152 2248 1194 2310 ab
1210 2249 1279 2311 Eu-

246 2335 336 2399 sebio
350 2333 383 2397 in
396 2353 467 2417 cap.
476 2331 589 2396 xxxvii.
604 2331 706 2417 ejusd.
722 2328 778 2395 lib.
810 2332 892 2394 Sane
902 2353 977 2396 vero
990 2332 1070 2397 nihil
1084 2352 1212 2396 necesse
1224 2332 1278 2397 iu-

246 2420 317 2498 erit,
330 2418 369 2482 ad
389 2440 507 2481 annum
529 2438 562 2480 se
584 2417 801 2503 tuagesimum
819 2418 994 2500 pervenisse
1011 2439 1148 2517 puerum
1168 2438 1282 2482 exem·

245 2505 292 2592 pli
307 2505 419 2592 gratia,
435 2516 490 2567 aut
498 2439 654 2650 puellam,
670 2524 752 2587 quos
767 2501 914 2566 Christus
932 2502 973 2565 ad
992 2519 1087 2566 vrtam
1108 2504 1279 2582 revocavit,

245 2591 273 2655 si
293 2590 346 2653 isti
364 2609 498 2674 usquea
536 2587 692 2672 Quadrati
705 2601 850 2672 tempora
864 2587 1050 2672 superstites
1064 2600 1179 2651 esseut.
1222 2588 1278 2653 De

246 2674 404 2742 Quadrati
426 2684 533 2736 autem
555 2673 644 2735 annis
668 2673 829 2735 monuisse
851 2693 934 2734 nunc
956 2673 1047 2735 video
1071 2673 1278 2738 Pearsonium

248 2760 307 2844 Op.
318 2757 484 2835 Postumis,
495 2756 582 2819 Diss.
591 2756 623 2819 ii.
633 2777 661 2818 c.
675 2771 721 2818 15.
758 2768 844 2818 .284.
857 2779 929 2841 quae
943 2770 1129 2843 sequuntur.
1153 2764 1175 2796 “
1182 2759 1278 2856 Qua-

245 2851 268 2883 “
282 2843 392 2907 dratus
412 2841 466 2904 ille
486 2840 704 2925 apostolorum
727 2778 912 2925 discipulus,
933 2842 974 2905 ab
995 2842 1135 2906 Eusebio
1158 2841 1280 2907 dicitur

246 2935 271 2975 “-
286 2944 332 2992 10.
349 2925 516 3003 Hadriani,
531 2924 593 2988 hoc
609 2939 658 2989 est
674 2926 794 2989 Christi
811 2939 876 3000 127.
895 2948 990 3004 anno,
1008 2927 1193 3012 apologiam
1216 2930 1278 2993 ob·
1319 2933 1325 2943 “

146 3020 157 3040 “
247 3019 269 3053 “
283 3013 404 3091 tulisse,
418 3023 451 3074 et
465 3033 505 3074 ex
520 3010 557 3073 iis
573 3011 673 3074 verbis
691 3012 744 3092 (ab
762 3011 901 3074 Eusebio
916 3011 1031 3093 allatis)
1053 3012 1277 3097 antiquitatem

245 3105 375 3162 “suam
396 3096 592 3174 ostendisse3
619 3118 716 3180 quare
737 3095 793 3159 diu
815 3109 888 3158 ante
911 3096 1080 3181 imperium
1104 3096 1278 3177 Hadriani,

245 3185 349 3248 “imo
374 3182 431 3246 diu
454 3194 527 3245 ante
552 3180 676 3245 obitum
699 3182 732 3244 S.
748 3181 891 3258 ioannis,
912 3203 968 3244 eos
993 3185 1143 3265 (sanatos)
1169 3182 1278 3248 videre

246 3273 269 3308 “
283 3291 349 3355 prae
365 3279 459 3331 aetate
471 3266 609 3351 potuit.'’

266 3352 472 3417 .1bid.l.12.
494 3350 645 3435 dalmata]
675 3348 773 3413 Periit
792 3350 875 3414 eheu
899 3350 1066 3436 egregium
1089 3351 1175 3416 istud
1199 3353 1277 3439 σύγ-

246 3465 380 3525 γραμμα,
400 3436 542 3521 nihilque
566 3435 634 3522 ejus
656 3449 809 3520 superest,
831 3448 944 3520 praeter
965 3437 1107 3514 unicum,
1126 3437 1277 3502 brevissi·

247 3546 337 3589 mum
353 3521 494 3608 quidem,
509 3532 543 3583 at
561 3519 667 3584 nobile
689 3521 914 3604 fragmentum,
929 3521 1015 3606 quod
1034 3522 1126 3585 nobis
1144 3544 1277 3589 conser-

245 3609 327 3673 vavit
341 3605 497 3670 Eusebius
510 3606 584 3668 loco
599 3603 696 3667 modo
710 3604 818 3668 citato.
843 3605 935 3668 Plura
950 3605 1107 3685 darentur,
1120 3607 1147 3670 si
1162 3629 1278 3694 super·
1328 3602 1334 3619 ’

247 3695 336 3759 stites
351 3705 456 3756 essent
469 3690 597 3762 alterius
618 3689 758 3767 Eusebii,
772 3711 834 3754 sec.
848 3691 886 3753 vi.
903 3690 1055 3777 Episcopi
1069 3691 1276 3757 Thessaloni·

246 3780 359 3856 censis,
374 3777 446 3842 libri
459 3799 490 3839 x.
506 3787 617 3839 contra
636 3773 798 3837 Andream
822 3775 1033 3853 Monachum,
1050 3787 1161 3861 utpote
1176 3800 1277 3863 quem

247 3864 388 3950 Kaipiana
415 3862 510 3925 verba
535 3859 711 3924 adversario
737 3860 923 3944 opposuisse
958 3881 1104 3944 expresse
1137 3873 1279 3928 testatur

248 3946 545 4013 Photiusccd.162.
581 3947 702 4014 Verum
726 3964 828 4030 neque
843 3945 877 4007 hi
892 3945 1031 4024 Eusebii,
1047 3967 1106 4008 nec
1122 3946 1276 4027 Andreae,

247 4035 303 4121 qui
326 4033 435 4097 itidem
456 4032 656 4118 Quadratum
673 4029 785 4092 citasse
799 4029 932 4109 videtur,
947 4030 1019 4093 libri
1034 4031 1168 4116 uspiam,
1184 4033 1277 4119 quod

248 4141 312 4206 ego
337 4118 446 4196 sciam,
470 4129 605 4194 exstant,
627 4116 740 4180 saltem
764 4115 955 4178 hic-Oxonii
977 4137 1040 4178 non
1062 4116 1277 4202 reperiuntur,

146 4290 149 4295 Ι
248 4227 306 4274 nec
318 4204 452 4271 Viennae
471 4201 505 4265 in
519 4200 719 4267 Bibliotheca
733 4199 891 4280 Caesarca,
905 4220 1010 4287 nequo
1022 4200 1144 4266 Parisiis
1159 4201 1193 4265 in
1209 4203 1275 4267 Re-
