2716 4748
254 274 320 365 ns,
466 306 473 321 ·
520 314 524 321 -
593 265 992 339 Annorsrronns'
1046 314 1052 329 .

256 441 326 519 ςῆλη
341 436 410 518 aisn
426 440 504 515 λίθος
518 438 548 518 ἦν
561 438 694 528 ἄμορφος,
708 443 859 525 hypanis
874 437 949 525 ἔχων
966 440 1000 503 αδ
1020 435 1107 520 ὄνομα
1118 439 1170 502 τοῦ
1181 439 1301 521 taddaei

254 524 336 607 μένου
348 523 493 589 'leudico‘
518 529 549 604 ἒξ
563 525 656 589 cri-uod
671 524 711 587 irs
725 532 770 587 νῦν
783 531 808 588 οἱ
820 524 964 634 Χροςῷαοοὶ
979 527 1006 587 ir
1017 526 1074 596 τοῖς
1086 522 1230 605 μνήμασιν
1242 528 1301 589 αὖ*

255 617 310 671 trin
324 609 419 683 λίθους
433 615 535 688 lerion,
550 611 598 673 nul
611 610 627 687 ἢ
641 608 804 694 γράμματα
823 612 850 671 ἓν
869 611 962 682 αυτοῖς
980 606 1147 692 γράφουσιν,
1163 606 1226 684 isi
1239 632 1295 684 οη·

254 697 331 774 μεῖον
344 700 382 756 rr?
397 700 499 781 ςαοςοῦ
522 694 751 780 ὅγχαρίιτῖοοσιν.
789 691 952 756 Sciendum
965 703 1011 755 est
1026 689 1202 756 columnam
1216 689 1299 757 hm

255 776 339 839 aicit
359 776 449 840 alind
457 777 565 861 fnisse
585 798 680 863 qnam
703 775 838 862 lapidem
859 774 1034 860 informem,
1048 775 1082 863 in
1103 796 1165 873 quc
1185 796 1297 869 nornen

255 861 364 924 Jacolr'
378 860 445 926 illic
458 861 573 945 sepulti
587 872 655 925 erat
670 861 810 925 incisam
851 860 938 925 Unde
951 870 980 923 et
999 858 1172 925 Christrcni
1193 858 1228 923 in
1247 880 1296 923 se·

251 944 371 1028 pulcris
384 945 448 1009 suis
461 936 631 1009 etiammdn
644 945 763 1030 lapides
771 954 933 1009 statuunt.-
950 943 1105 1031 inquibus
1114 953 1172 1008 out
1187 941 1299 1007 literas

256 1028 430 1108 inscribere,
446 1041 501 1093 cut
517 1024 763 1117 crncisfignrom
777 1027 949 1112 insculpere
963 1038 1192 1095 conseruerant.
1220 1026 1297 1092 Vs·

257 1134 406 1178 cnslus.
444 1112 564 1178 Isthaec
579 1114 619 1180 dc
636 1115 800 1213 sepultura
810 1113 924 1179 Jacobi
936 1111 1059 1177 Grabio
1074 1132 1207 1210 quoque
1221 1130 1298 1176 vero

242 1196 415 1262 absimilia
441 1198 597 1276 videntur,
628 1199 687 1265 nisi
713 1198 741 1261 si
767 1198 850 1261 forte
878 1190 1063 1274 dicendum,
1091 1194 1296 1260 Christianos

255 1281 420 1367 aliquanto
438 1295 516 1367 post
534 1281 693 1347 excidium
714 1281 1048 1367 Hierosolymitanum
1062 1292 1211 1364 tempore
1222 1278 1299 1343 cor-

253 1386 316 1451 pus
341 1367 375 1430 S.
397 1366 513 1430 Jacobi
540 1367 585 1430 ibi
620 1366 811 1452 sepelivisse,
838 1366 894 1429 ubi
919 1365 1076 1451 martyrio
1103 1362 1297 1428 defunctum

248 1463 336 1517 erat.
379 1450 561 1515 Lardneros
583 1465 692 1515 autem
712 1450 774 1514 vol.
790 1450 834 1513 iii.
846 1447 1018 1534 supplem·
1037 1447 1128 1513 Libri
1145 1448 1198 1511 De
1218 1445 1298 1515 Fide

255 1533 345 1599 Hirr.
359 1535 485 1622 Evang.
498 1557 568 1622 cap.
578 1535 639 1599 xvi.
652 1537 683 1618 ο.
693 1549 723 1598 2.
739 1534 806 1598 lieri
816 1552 912 1620 posse
923 1533 1083 1618 opinatur,
1095 1544 1133 1596 ut
1142 1530 1298 1597 columna

255 1619 298 1683 ab
315 1620 510 1706 Hegesippo
528 1632 782 1684 commemorata
802 1619 835 1681 in
856 1619 1023 1765 locofflo
1044 1616 1172 1680 occisus
1188 1615 1300 1681 fuer-nt

254 1704 410 1782 lacobus,
422 1718 497 1790 post
509 1704 772 1790 Hierosolymam
783 1702 921 1766 excisam
985 1700 1091 1765 ‘ficata
1100 1699 1209 1776 fuerit,
1219 1718 1300 1767 cum

255 1787 320 1851 alio
333 1789 367 1851 in
381 1789 457 1852 loco
469 1809 587 1872 corpus
602 1788 765 1872 sepultum
780 1799 863 1850 esset
871 1810 881 1865 3
904 1786 938 1850 id
956 1785 1046 1871 quod
1067 1782 1244 1871 nonnullos¹
1256 1800 1298 1849 ex

254 1871 414 1935 veteribus
431 1871 831 1936 Christianisexistimasse
845 1882 980 1935 testatur
989 1869 1230 1955 Hieronymus,
1245 1868 1298 1933 Dc

259 1954 348 2019 Viris
362 1954 421 2019 Ill.
437 1976 508 2040 cap.
520 1954 554 2018 ii.
567 1953 661 2042 cujus
675 1956 770 2019 verba
785 1964 934 2019 sunt-et
947 1954 1048 2050 justa
1061 1951 1231 2039 'templum
1243 1950 1299 2017 nbi

248 2049 286 2125 ,et
338 2038 647 2126 iecipitclussnerct,
661 2038 800 2122 sepultus
814 2049 870 2103 est.
916 2037 1058 2102 Tctulnnr
1076 2058 1173 2185 Ἢ
1185 2037 1232 2101 od
1243 2036 1299 2101 ol«

254 2123 282 2186 si
305 2123 402 2187 ionem
413 2122 478 2187 Titi
491 2133 521 2187 ct
535 2122 681 2187 ultimum
695 2122 854 2191 Hadriani
866 2122 1061 2187 notissimum
1070 2121 1112 2186 lm
1157 2119 1189 2185 ὀ.
1216 2121 1300 2207 ραι·

255 2207 330 2271 dans
348 2231 364 2270 e
381 2206 495 2271 nostris
514 2208 547 2272 r'n
567 2219 670 2273 monte
692 2206 807 2272 Olivetz'
826 2228 896 2271 enm
915 2217 1105 2289 putaverunt
1127 2204 1300 2285 ruditum,

256 2291 410 2376 sedsnlsu
424 2314 527 2356 eornm
541 2292 640 2375 opinio
655 2303 711 2356 est.
737 2292 947 2356 Tillemontio
960 2312 1035 2355 vero
1051 2304 1130 2355 tom.
1147 2291 1174 2352 Ι.
1191 2288 1297 2354 Mem.

256 2377 346 2440 Hist.
362 2375 452 2440 Eccl.
468 2390 535 2441 not.
553 2377 585 2440 in
605 2378 637 2442 S.
650 2376 765 2441 Jacob.
788 2377 871 2439 Min.
887 2397 956 2461 cap.
973 2387 1018 2450 17.
1042 2397 1091 2438 res
1112 2376 1157 2438 ita
1174 2374 1299 2438 habere

254 2460 432 2539 videbatur,
447 2474 496 2540 ut,
511 2483 586 2525 cum
596 2463 699 2524 situm
715 2461 871 2545 templum
888 2460 985 2525 fuerit
999 2460 1040 2524 ad
1054 2471 1235 2523 extremum
1257 2459 1298 2523 li-

254 2546 368 2611 mitem
382 2546 482 2624 urbis,
496 2560 530 2611 et
542 2547 584 2610 ab
603 2545 660 2608 illo
677 2545 776 2609 latere
791 2545 963 2630 Josaphati
982 2545 1054 2607 valli
1076 2544 1300 2629 superemine-

254 2642 315 2707 ret,
329 2651 369 2693 ex
388 2629 449 2692 hac
471 2644 561 2715 parte
583 2629 726 2715 dejectus
747 2629 847 2692 fuerit-
862 2629 1040 2715 apostolus,
1055 2640 1153 2713 atque
1173 2627 1299 2693 idcirco

255 2727 345 2777 extra
359 2713 471 2776 urbem
490 2713 648 2798 lapidatus
661 2727 694 2777 et
707 2713 851 2798 sepultus
863 2738 873 2792 ς
897 2714 1047 2799 quocirca
1061 2713 1140 2776 nihil
1152 2713 1300 2792 obstare,

256 2796 334 2882 quin
345 2797 551 2881 sepulchrum
564 2796 634 2883 ejus
647 2820 749 2883 usque
762 2798 802 2861 ad
816 2797 997 2896 Hegesiypi
1003 2810 1156 2881 -tempora
1165 2817 1299 2881 perma-

255 2899 341 2958 nere,
357 2892 454 2965 atque
472 2881 568 2944 etiam
590 2882 650 2944 sub
669 2894 878 2968 conspectum
897 2882 1120 2966 ipsius-venire
1140 2880 1299 2966 potuerit.

255 2964 433 3028 Eusebium
445 2964 624 3030 tradentem
636 2965 740 3044 video,
752 2989 812 3030 suo
824 2966 994 3030 monstrari
1005 2978 1149 3050 tempore
1160 2965 1301 3030 solitum

254 3048 354 3113 fuisse
369 3047 553 3127 Aceldnnm,
570 3051 930 3136 agrum“snnguinis'‚'·nd
951 3050 1081 3136 plagam
1102 3045 1300 3134 septentrio·

256 3134 373 3209 nalem,
389 3133 463 3211 sive,
477 3150 618 3201 vertente
633 3136 848 3222 Hieronymo,
863 3135 1046 3212 australem,
1061 3134 1181 3198 montis
1205 3135 1300 3214 Sion,

254 3218 288 3297 in
307 3217 499 3281 Orronrnstico
522 3218 650 3283 Urinam
669 3229 699 3282 et
719 3221 805 3282 Loc-
817 3220 925 3285 Sacrae
944 3219 1116 3301 Scriptum
1135 3240 1170 3302 p.
1188 3233 1219 3281 5.
1242 3219 1299 3284 ed.

224 3336 226 3340 ·
255 3300 385 3372 Clerici.
431 3303 596 3389 Quicquid
619 3315 728 3366 autem
743 3304 785 3367 dc
797 3305 818 3368 J
820 3304 913 3367 acobi
929 3302 1024 3366 titulo
1045 3303 1109 3379 fiat,
1124 3324 1224 3388 quem
1238 3325 1303 3367 co-

210 3417 211 3420 *
254 3383 344 3451 dices
366 3385 444 3448 olim
466 3389 634 3451 nescivisse
653 3387 807 3473 suspicor,
822 3401 946 3451 certum
960 3397 1019 3464 est,
1033 3385 1226 3450 sanctissimi
1239 3388 1302 3451 viri

255 3468 441 3533 cathedram
456 3472 505 3535 vel
522 3473 653 3536 Eusebii
667 3485 761 3535 aetate
773 3492 848 3535 cum
863 3493 982 3556 magna
995 3469 1171 3534 reverentia
1185 3484 1300 3535 osten-

254 3573 325 3617 sam
343 3553 456 3617 fuisse.
478 3556 554 3620 Vid.
569 3557 625 3620 lib.
639 3557 690 3619 vii.
706 3557 794 3619 Hirr.
809 3556 897 3620 Eccl.
909 3572 941 3618 ὀ.
958 3571 1005 3632 19.
1208 3604 1214 3617 .

254 3660 280 3784 ·S
301 3637 336 3699 P.
356 3644 421 3714 196.
435 3639 457 3702 1.
470 3652 498 3703 8.
523 3646 535 3703 ὁ
557 3643 671 3727 Χςιςὸς]
698 3640 864 3729 Articulus
884 3662 949 3723 non
967 3651 1054 3703 extat
1072 3639 1105 3703 in
1121 3639 1167 3702 ed.
1187 3639 1298 3726 Sept.

227 3747 255 3775 w
283 3741 429 3785 anona.
778 3732 837 3746 ‘¹‘
1034 3732 1037 3737 ’
1078 3762 1082 3771 -

253 3820 258 3848 ³
301 3804 384 3868 Ibid.
400 3806 421 3868 l.
433 3824 464 3884 9.
486 3813 637 3894 πολιορκεῖ
648 3808 749 3889 ariam]
762 3811 912 3895 πολιορκεῖ
927 3811 975 3885 τὴν
988 3806 1122 3871 Ἰουδαίαν
1136 3812 1298 3892 αἰχμαλω-

223 3938 227 3946 .
253 3888 338 3962 »clear
351 3890 448 3964 αὐτές.
478 3893 528 3954 Ita
540 3893 668 3976 quidem
684 3893 787 3955 codex
803 3893 934 3977 Regius.
961 3894 1083 3957 Verum
1100 3906 1165 3957 tres
1180 3893 1297 3979 reliqui

252 3975 347 4038 'Mau
364 3975 455 4038 Med.
471 3998 508 4039 ae
524 3978 549 4038 F
550 3977 663 4053 uketii,
673 3998 766 4040 voces
782 3977 851 4040 illas
865 3981 913 4054 τὴν
925 3977 1059 4039 Ἰουδαίαν
1072 3978 1299 4061 αἰχμαλωτίσας

138 4090 140 4095 ·
251 4080 321 4130 non
337 4072 527 4143 agnoscunt.
571 4060 622 4123 Ac
644 4061 870 4146 mec-quidem
887 4061 1014 4144 judicio
1058 4082 1165 4124 rorsus
1184 4083 1298 4147 super·

251 4142 617 4210 rfluaesuntetinsulsae.
648 4148 779 4232 ¹Neque
792 4146 1008 4213 enimoraece
1048 4145 1088 4211 ici
1102 4159 1213 4232 potest
1234 4171 1295 4223 nr·
