2716 4748
260 301 324 365 214
590 282 948 351 ANNOTATIONES

260 465 329 517 tem
344 451 406 538 ipsi
418 451 535 518 licebat
548 453 581 518 in
596 476 671 520 eum
685 454 793 519 locum
808 455 945 541 ingredi,
957 453 991 518 id
1000 465 1051 520 est
1060 453 1105 520 ob
1114 453 1188 542 ejus
1200 451 1295 521 sanc·

259 538 397 616 titatem‚
413 550 527 625 praeter
548 539 739 618 sacerdotes,
758 541 875 626 quibus
897 541 931 605 id
947 539 1031 627 juris
1052 561 1092 605 ex
1113 541 1223 606 officio
1244 542 1294 606 in·

259 635 339 687 erat.
383 623 490 688 Sic'id
510 625 551 690 ab
572 626 637 690 anti
661 624 709 689 uis
728 625 929 690 intellectum
949 625 1046 690 fuisse
1060 638 1152 712 patet
1165 647 1206 690 ex
1219 625 1295 692 cod.

260 707 413 772 Ecclesia
428 710 631 794 Remensis,(
670 710 720 774 ist.
735 710 824 774 Eccl.
843 711 959 795 Rufini)
975 710 1030 775 ubi
1047 710 1190 790 additur,
1203 733 1296 777 man-

261 792 306 873 di,
320 817 380 859 non
394 794 588 885 sacrificandi
602 818 704 860 cansa.
741 795 938 883 Epiphanius
952 811 985 862 et
1000 797 1134 862 Rufinus
1148 796 1296 862 videntur

284 879 357 943 rimi
370 879 486 967 legisse
500 893 607 946 sancta
621 892 807 946 sanctornm.
835 882 986 947 Tusou.
1002 883 1250 964 Romaanus,
1262 883 1295 947 in

260 898 359 1031 itatis
379 965 412 1029 in
432 965 496 1030 hoc
516 968 702 1054 martyrium
725 969 758 1031 S.
773 967 899 1045 Jacobi,
920 966 1004 1054 apud
1019 969 1103 1032 Acta
1118 967 1296 1032 Primorum

261 1051 446 1137 Martyrum
465 1052 589 1116 Sincera
603 1063 632 1116 et
649 1053 778 1131 Selecto,
793 1075 825 1138 p.
839 1069 870 1116 4.
887 1052 938 1117 ed.
954 1054 1062 1118 Amst.
1100 1053 1294 1119 Distinctio·

262 1157 336 1199 nem
358 1150 466 1201 autem
489 1137 571 1201 inter
593 1136 656 1203 hoc
678 1149 818 1202 sanctam
833 1151 866 1202 et
885 1151 1025 1203 sanctam
1041 1149 1218 1203 sanctorum
1233 1138 1295 1203 mi·

262 1243 323 1284 nus
348 1243 475 1287 curasse
501 1236 619 1287 veteres
644 1223 808 1299 videntur3
840 1225 959 1310 quippe
983 1246 1058 1288 cum
1079 1223 1296 1289 Tertullianus

261 1328 363 1371 unum
384 1329 442 1392 pro
461 1308 561 1373 altero
582 1309 743 1394 posuerit;
766 1309 978 1374 Meminerant
993 1319 1084 1388 certe,
1103 1309 1223 1407 iuquit,
1236 1309 1297 1375 nisi

262 1391 472 1457 circumcisioni
484 1394 595 1459 scirent
611 1395 820 1477 (Christum),
831 1417 892 1458 non
904 1395 1130 1459 adrnittendnrn
1141 1417 1175 1458 in
1188 1407 1297 1460 sancta

262 1488 448 1545 sanctorum.
470 1481 542 1544 Lib.
558 1480 597 1543 iv.
619 1481 733 1544 Contra
755 1479 913 1544 Marcion.
936 1502 1006 1566 cap.
1022 1494 1061 1558 73
1084 1478 1163 1545 dum
1184 1494 1298 1546 contra

261 1562 439 1650 Apostolus
461 1565 501 1629 ad
524 1565 683 1629 Hebraeos
704 1576 813 1630 sancta
830 1565 956 1650 scripsit
969 1586 1028 1649 pro
1043 1564 1160 1628 sanctis
1174 1577 1298 1630 sancto·

260 1671 331 1714 rum
344 1672 417 1714 curn
434 1650 509 1714 ahbi
524 1663 594 1714 tum
610 1651 772 1729 hocloco,
787 1647 877 1734 ὥσπερ
896 1654 909 1712 i
929 1649 1072 1735 ἀρχιερεὺς
1090 1648 1250 1736 εἰσέρχεται
1263 1656 1298 1728 εἰς

261 1740 299 1799 roi
313 1733 385 1819 ἅγια
399 1739 425 1797 ἐν
438 1737 537 1819 αἵματι
551 1735 702 1822 incipio).
724 1735 766 1800 ix.
780 1749 829 1799 25.

308 1821 341 1883 P.
361 1834 426 1898 192.
450 1821 472 1882 l.
497 1826 540 1883 16.
562 1822 619 1884 ortt
640 1825 698 1906 γὰρ
720 1823 794 1908 iperio
816 1819 915 1905 ἐφόρει]
937 1818 1080 1884 Additur
1101 1819 1203 1903 ἔνδυμα
1284 1833 1300 1888 t

261 1903 347 1992 &pige
368 1905 401 1967 in
420 1904 602 1985 Bodleiano,
621 1904 707 1992 quod
730 1917 803 1969 ante
823 1905 1009 1984 memoravi,
1031 1904 1205 1992 Hegesippi
1282 1944 1299 1959 ·

263 2000 364 2075 aer-pto
371 2017 384 2068 ,·
400 1989 590 2077 Rufinasqne
608 2005 697 2055 vetus
718 1990 872 2077 interpres
886 1989 995 2070 habet,
1008 2013 1106 2078 neque
1119 1992 1205 2057 enirn
1219 1992 1299 2059 tineo

261 2074 406 2139 utebatur
420 2075 620 2140 indumento.
1165 2128 1168 2133 ,

307 2160 390 2225 lbid.
406 2161 428 2225 l.
447 2176 494 2236 17.
517 2163 564 2224 καὶ
578 2161 656 2243 μόνος
671 2161 814 2248 εἰσήρχετο
836 2167 872 2237 εἰς
894 2163 939 2226 τόν
958 2159 1045 2244 ναόν]
1060 2188 1088 2226 κ.
1101 2188 1136 2244 μ.
1151 2163 1211 2242 rimi

262 2252 343 2330 ἐντῷ
356 2253 411 2331 ναῷ
425 2248 502 2312 MS.
518 2245 609 2312 Bodl.
625 2269 682 2312 seu
697 2246 795 2312 Saoil.
830 2247 932 2335 Quod
951 2248 992 2311 ab
1016 2246 1209 2337 Hegesippo
1259 2270 1296 2314 e-

261 2331 552 2397 brauc-Christiano
574 2333 754 2418 profectum
777 2354 857 2411 esse,
872 2355 945 2396 vero
966 2330 1051 2397 haud
1071 2333 1219 2398 absimile
1237 2348 1297 2400 est.

262 2423 312 2493 Εἰς
331 2420 376 2481 τὸν
396 2421 468 2495 ναὸν,
484 2419 571 2505 quod
590 2418 724 2482 includit
744 2424 781 2482 rol
801 2417 873 2501 ἅγια
891 2429 1041 2496 sanctam,
1057 2417 1161 2482 solum
1177 2419 1298 2485 intrare

261 2504 394 2571 solitum
420 2527 488 2568 esse
510 2506 669 2568 iacobum
694 2505 791 2567 tradit
818 2504 870 2567 hic
896 2518 930 2567 et
955 2525 1051 2589 supra
1074 2505 1298 2591 Hegesippus,

262 2589 325 2654 hoc
347 2602 408 2668 est,
431 2590 535 2653 solum
557 2605 672 2674 praeter
695 2589 873 2653 sacerdotes
897 2589 1041 2668 fortasse,
1064 2601 1100 2652 ut
1122 2589 1298 2657 Ruinartus

220 2751 222 2754 Ι
263 2698 358 2760 supra
383 2676 540 2760 exposuit.
590 2673 771 2738 Halloixius
795 2697 868 2738 vero
893 2675 971 2757 μόνον
997 2673 1211 2739 incomitatum
1237 2676 1297 2741 ad-

263 2782 369 2824 versus
395 2760 594 2845 Scaligerum
623 2774 760 2845 utroque
787 2760 860 2824 loco
889 2761 1111 2846 interpretatus
1140 2774 1200 2840 est,
1250 2785 1299 2827 uo

263 2868 358 2909 sensu
372 2867 482 2908 vocem
498 2844 703 2909 adhibentem
718 2845 893 2911 Eusebium
910 2845 1001 2910 video
1015 2845 1047 2908 in
1062 2843 1118 2908 lib.
1129 2846 1192 2910 viii.
1205 2785 1297 2912 list.

262 2952 291 2995 c.
305 2944 334 3006 7.
351 2951 382 3016 p.
394 2943 463 2992 245.
479 2929 529 2993 ed.
546 2929 700 3014 Reading.

308 3018 342 3079 P.
357 3030 424 3093 193.
442 3015 461 3078 l.
478 3032 505 3078 l.
528 3019 573 3077 tra
593 3017 623 3078 ri
647 3017 689 3078 ἀεὶ
712 3015 837 3097 κόμπῖενν
859 3016 900 3079 inl
922 3014 1001 3100 γόνυ]
1017 3016 1100 3080 Duae
1120 3030 1297 3102 postremae

262 3123 354 3168 voces
369 3101 485 3166 absunt
505 3122 525 3164 a
544 3100 655 3165 codice
672 3101 787 3165 Fuket.
803 3115 835 3166 et
850 3102 936 3187 apud
950 3101 1185 3187 Nicephorum.
1229 3104 1300 3167 Ve-

263 3211 335 3254 rum
351 3188 384 3252 in
399 3187 510 3251 codice
525 3189 614 3251 Maz.
626 3209 662 3251 ac
678 3186 769 3250 Med.
781 3201 871 3251 totus
885 3187 937 3251 hic
951 3186 1042 3250 locus
1057 3188 1102 3251 ita
1116 3188 1236 3273 legitur
1250 3191 1299 3252 tra

262 3278 293 3340 sl
317 3275 359 3338 oiri
380 3274 505 3355 noiprrlsr
524 3279 734 3358 προσκυνοῦντα
753 3279 793 3357 τῷ
812 3278 867 3358 θεῷ
885 3277 921 3337 rol
935 3270 1052 3355 γόνατα.
1085 3274 1297 3338 VALESIUS.

264 3361 364 3424 Paulo
379 3381 474 3445 supra
488 3381 547 3443 pro
559 3361 593 3432 ὡς
607 3356 810 3437 insanissima
821 3357 992 3443 praestabat
1005 3355 1058 3429 oiri
1070 3363 1098 3420 ἀ.
1113 3358 1299 3446 Hegesippi

263 3446 414 3530 Excerpt.
430 3443 522 3508 Bodl.
545 3460 578 3508 et
598 3467 674 3507 mox
696 3444 778 3506 infra
797 3450 909 3521 αἰτῆσαι
925 3465 983 3529 pro
998 3446 1125 3523 αἰτεῑθαν
1142 3443 1299 3531 Georgius

310 3530 439 3595 asellas.

86 3618 102 3639 ’“
204 3683 207 3688 ,
265 3531 392 3681 Sylbid.
408 3617 430 3680 l.
442 3630 472 3679 3.
494 3617 620 3678 ἐκαλεῖτο
635 3611 750 3686 Δίκαιος
763 3614 811 3676 καὶ
827 3611 961 3696 Ὠόλόας]
978 3613 1131 3678 Nicolaus
1148 3614 1297 3681 Fullerus

263 3703 296 3769 ln
323 3703 380 3768 lib.
405 3702 448 3765 iii.
473 3701 754 3765 Miscellaneorum
785 3701 965 3777 Sacrorum,
995 3695 1080 3763 hunc
1107 3699 1218 3764 locum
1249 3702 1297 3767 sic

263 3787 414 3855 emendat
428 3791 554 3850 ἐκαλεῖτο
567 3784 672 3852 Σαδὸἶκ
687 3785 733 3847 καὶ
747 3787 887 3867 Ὠξλνᾶμ,
898 3784 915 3847 ό
926 3788 981 3859 ἓςνν
994 3785 1118 3863 Δίκαιος,
1133 3786 1154 3871 il,
1168 3792 1296 3871 περιοχὴ

263 3883 311 3940 τοῦ
335 3882 416 3938 λαοῦ.
453 3875 560 3960 Quam
587 3869 763 3935 doctissimi
791 3871 847 3934 viri
874 3869 1128 3943 emendationem
1156 3869 1298 3936 libenter

263 3960 451 4049 amplector.
494 3959 616 4022 Tamen
639 3978 713 4020 cum
737 3956 932 4042 Epiphanius
950 3955 1108 4022 inhaeresi
1122 3968 1171 4031 78.
1186 3970 1221 4020 et
1233 3957 1296 4021 Jo-

159 4076 162 4081 ·
262 4048 332 4117 vius
353 4043 536 4111 Monachus
558 4064 653 4129 quem
677 4042 774 4128 vulgo
796 4042 880 4106 male
901 4040 1031 4108 lobium
1053 4053 1178 4120 vocant,
1196 4043 1296 4108 Jaco-

69 4098 91 4135 ι’·
208 4134 212 4139 ’
355 4130 485 4199 Obliam
503 4128 625 4193 dictum
644 4149 712 4192 esse
734 4141 901 4205 testentur,
917 4125 1078 4192 retinenda
1092 4140 1140 4190 est
1152 4127 1296 4227 vulgaris

69 4124 381 4470 Ης
397 4216 537 4317 maxime
551 4236 626 4281 cum
641 4212 775 4301 Ophlias
789 4212 937 4286 hebraice
950 4234 1054 4279 arcem
1068 4211 1179 4298 popuh
1193 4233 1296 4300 ειμι.
