2716 4748
241 331 294 402 IN
303 329 582 420 ¹CONCILIUM
603 327 929 402 LUGDUNENSE.
1033 348 1097 419 419

65 500 185 582 clesiis,
209 506 387 572 vetustioris
415 506 641 585 observatores,
667 525 733 592 prae
758 500 881 569 caeteris
904 501 974 591 jam
1003 501 1099 588 pauci

65 589 158 667 facti,
174 589 326 673 Ἰουδαΐζειν
344 590 533 657 viderentur.
571 592 725 655 Attamen
743 590 902 655 Eusebius
921 589 1037 654 diserte
1057 587 1100 654 ad

63 693 144 772 pag.
163 681 236 774 Ι360.
265 690 334 742 tum
360 699 433 742 vero
458 677 519 764 ipsi
544 675 702 741 Palaestini
725 676 877 763 episcopi,
904 673 1099 740 contrarium
1205 735 1208 740 .
1302 674 1304 678 ⁴

64 759 219 825 Asiaticis
233 774 360 848 tempus
375 762 560 842 defendunt,
571 788 612 825 111
627 764 638 825 l
652 766 699 838 τῆς
714 760 901 838 κατελθιύσης
916 765 951 835 εἰς
965 758 1050 833 αὐτὸς
1065 761 1098 822 ἐκ

61 845 194 932 διαδοχῆς
207 854 260 911 τῶν
275 848 417 921 ἂποςὸλων
429 849 496 934 περὶ
512 855 559 912 τοῦ
572 872 666 933 maxa
679 846 861 932 παραδόσεως
875 845 985 919 miska
998 848 1097 923 ὃιαλη·

62 927 155 1012 φὸτις.
176 931 252 998 Vid.
266 955 361 1020 supra
378 934 419 1000 ad
439 955 514 1020 pag.
525 940 593 998 361.
631 927 696 997 Sed
710 933 741 995 in
756 931 942 996 memoriam
958 952 1097 1010 revoces,

61 1028 186 1101 quanta
200 1039 305 1082 rerum
323 1019 413 1084 fieret
435 1019 570 1084 mutatio
592 1019 624 1081 in
648 1017 781 1083 ecclesia
796 1016 924 1104 quidem
939 1018 1095 1081 Hieroso-

61 1099 75 1165 l
136 1101 231 1183 itana,
246 1119 319 1190 post
334 1105 433 1169 victos
446 1105 467 1169 J
470 1104 578 1168 udaeos
592 1105 633 1168 ab
647 1102 813 1167 Hadriano
830 1104 913 1188 Imp.
925 1123 981 1187 per
993 1112 1096 1166 totam

59 1122 212 1251 ffiaeam
223 1205 256 1253 et
267 1190 343 1254 alibi
354 1189 553 1254 rebellantes.
576 1191 667 1253 Tunc
681 1194 728 1265 τῆς
737 1187 832 1252 αὐτόθι
845 1186 993 1266 ἐκκλησίας
1004 1191 1035 1264 ἐξ
1045 1190 1096 1250 lb·

59 1278 114 1352 ιῶν
127 1275 371 1360 σογκροτηθείσης,
383 1275 484 1340 verbis
498 1289 570 1340 utor
585 1274 730 1362 ejusdem
745 1273 873 1339 Eusebii
886 1272 941 1336 lib.
955 1274 995 1338 iv.
1006 1271 1096 1338 Hirr.

59 1377 136 1443 cap.
147 1363 177 1422 6.
191 1367 304 1445 πρῶτος
317 1365 391 1442 μετὰ
405 1362 467 1435 τοὺς
486 1364 517 1423 ἐκ
537 1366 688 1447 περιτομῆς
705 1359 865 1433 ἐπισκόπους
879 1362 926 1436 τὴν
939 1359 993 1421 τῶν
1006 1361 1095 1421 ἐκεῖσε

59 1442 235 1527 λειτουργίαν
249 1446 432 1532 ἐγχειρίζετοο
445 1446 573 1534 Μάρκος.
608 1448 679 1509 lmo
694 1467 767 1509 vero
781 1445 830 1508 vel
845 1465 962 1507 nomen
975 1443 1093 1507 Hiero·

60 1526 198 1614 solymae
221 1553 301 1595 nova
322 1533 397 1597 urbs
413 1529 500 1595 AElia
520 1554 559 1595 ex
581 1532 736 1594 memoria
756 1530 928 1594 vicinarum
945 1527 1095 1614 gentium

60 1611 130 1675 cito
145 1612 271 1694 delevit,
288 1617 376 1703 quod
389 1639 429 1681 ex
444 1616 643 1681 dubitatione
659 1615 793 1680 Romani
808 1613 961 1701 praesidis,
974 1635 1095 1678 nornen

60 1718 137 1761 curn
164 1721 203 1763 ex
227 1718 367 1789 martyre
389 1703 529 1789 quodam
552 1701 730 1778 audivisset,
753 1700 828 1764 satis
850 1712 986 1764 constat.
1015 1699 1093 1766 Vid.
1196 1762 1197 1766 ,

59 1783 182 1849 Euseb.
199 1783 250 1848 De
263 1788 405 1872 Martpr.
423 1784 605 1852 Palaestinis
619 1809 689 1872 cap.
702 1786 744 1850 xi.

106 1869 140 1932 P.
152 1883 221 1950 393.
236 1870 259 1934 1.
272 1886 320 1935 22.
343 1875 393 1936 Ἐν
407 1871 428 1958 ᾧ
442 1872 475 1936 o't'v
488 1900 530 1947 τις
544 1872 648 1936 δύναιτο
665 1873 737 1956 &c.]
756 1870 877 1935 Eadem
893 1866 1005 1933 Irenaei
1019 1891 1093 1934 sen-

59 1955 161 2018 tentia
174 1957 272 2020 citata
287 1980 414 2045 quoque
429 1958 548 2058 legitur
558 1957 590 2021 in
604 1957 856 2021 Claromontano
870 1955 1011 2019 Parallel.
1022 1957 1094 2021 Da·

58 2041 201 2106 maaceni
212 2040 334 2107 Codice
346 2043 392 2108 lit.
403 2046 441 2107 E.
454 2057 504 2109 trt.
512 2057 563 2108 44.
576 2042 662 2107 edita
672 2043 713 2107 ab
723 2042 886 2106 Halloixio
898 2041 929 2105 iu
938 2040 1014 2105 Vita
1025 2041 1092 2106 Ire·

57 2125 123 2188 naei
135 2147 211 2225 pag.
224 2141 294 2206 499.
310 2151 369 2193 nec
383 2151 446 2194 non
460 2130 493 2192 in
506 2129 568 2194 alia
582 2128 783 2193 Collectione
798 2125 1033 2192 Sententiarum
1053 2148 1094 2194 ex

58 2209 208 2278 Patribus
224 2212 307 2278 Cod.
326 2226 392 2280 143.
414 2215 547 2290 Barocc.
566 2213 622 2277 fol.
638 2226 685 2289 17.
699 2234 774 2299 pag.
790 2228 816 2275 1.
829 2224 862 2276 et
877 2209 961 2275 Cod.
974 2224 1043 2275 238.
1058 2211 1093 2276 in

55 2294 260 2362 Bibliotheca
276 2299 422 2363 Caesarea
433 2298 686 2363 Vindobonensi.
731 2297 796 2361 Sed
810 2297 841 2361 in
857 2297 927 2361 solo
944 2296 1092 2360 Maximo

57 2378 237 2468 adscriptus
252 2398 301 2448 est
317 2385 417 2463 locus,
434 2407 547 2469 nempe
563 2388 593 2446 ἐκ
608 2391 654 2460 τῆς
670 2385 741 2471 πρὸς
759 2383 888 2466 Βίκτωρα
903 2385 1038 2461 invectis,
1052 2402 1092 2446 ex

58 2464 207 2549 Epistola
230 2469 272 2532 ad
297 2471 462 2534 Victorem.
492 2472 667 2533 Ganarus
693 2468 735 2532 ad
757 2469 909 2532 Irenaeum
931 2487 1005 2552 pag.
1020 2473 1093 2533 466.

58 2551 161 2648 Apud
187 2555 437 2634 Damascenum,
463 2578 519 2619 seu
541 2555 669 2642 rectius,
690 2556 849 2618 Joanuem
873 2552 1091 2630 Monachum,

57 2655 106 2700 810
119 2639 257 2704 variatur
270 2646 363 2727 ρῆσιςε
390 2641 440 2704 ’Ev
454 2639 476 2727 ᾧ
489 2639 523 2705 ἄν
535 2668 577 2715 τις
591 2641 700 2720 δύναται
715 2638 743 2702 εὗ
756 2642 845 2703 ποιεῖν
858 2641 900 2702 τῶ
912 2630 1046 2716 ὸλησῖοι,
1059 2637 1092 2716 ἢν
1200 2653 1205 2671 “

56 2725 96 2802 ,a
111 2722 194 2822 au„
207 2725 351 2812 11111...
367 2727 426 2791 se.
440 2748 473 2814 p.
487 2739 556 2791 480.
572 2725 622 2790 aa.
638 2724 782 2812 sequen
799 2724 856 2809 op.
872 2702 1091 2788 11111111-
1180 2814 1184 2823 ,

57 2828 144 2871 masc
195 2857 203 2873 .

102 2831 200 2959 poertrtg
215 2894 371 2960 Irenaeum
387 2901 413 2960 ἓν
426 2901 465 2982 τῷ
478 2897 545 2982 atpl
558 2904 606 2960 τοῦ
620 2897 706 2983 netga
720 2896 797 2981 λόγῳ
816 2892 950 2960 adduxit
963 2896 1091 2962 Auctor

59 2975 275 3063 Quaestionum
288 2993 318 3047 et
333 2981 476 3068 Respons.
490 2983 532 3046 ad
548 2982 735 3047 Ortlrodoxos
748 2983 830 3047 inter
847 2979 948 3065 Opera
958 2982 1091 3062 Justt'ni,

54 3064 184 3213 guaest.
201 3078 268 3129 145.
284 3089 323 3130 ex
337 3091 403 3155 quo
418 3081 543 3166 constat
557 3067 740 3153 fragmento
758 3079 948 3130 consuetum
965 3089 1033 3164 esse
1048 3068 1091 3130 ab

90 3150 256 3234 postolrcrs
268 3174 368 3239 usque
380 3154 588 3238 temporrbus,
597 3167 633 3216 ut
646 3175 710 3217 non
721 3154 867 3216 flectatur
876 3171 963 3236 genu
974 3173 1007 3214 ru
1018 3173 1091 3214 ora-

11 3304 17 3313 ,
55 3233 211 3313 tionibus,
226 3259 331 3323 neque
349 3239 400 3302 die
420 3239 605 3316 DominicO,
620 3259 724 3386 nepus
742 3248 938 3322 pentecoste.
975 3237 1089 3301 Quum

54 3339 131 3383 vero
146 3343 211 3385 non
225 3321 355 3409 liqueat,
370 3323 576 3407 desumptum
597 3323 654 3386 illu
695 3344 764 3386 esse
782 3343 822 3385 ex
841 3321 902 3384 hac
921 3320 1033 3384 Irenaei
1047 3320 1091 3385 ad

52 3404 223 3470 Victorem
238 3408 383 3494 epistola,
398 3431 470 3494 quoe
485 3408 615 3471 nomine
630 3409 764 3473 fratrum
780 3405 894 3470 Galliae
908 3406 1090 3490 conscripta

52 3502 117 3568 cst,
133 3489 189 3555 sed
209 3493 315 3577 potius
334 3494 466 3556 allatum
487 3492 609 3556 videtur
627 3516 667 3557 ex
686 3493 751 3557 alio
771 3491 910 3578 quodam
930 3492 1088 3575 opusculo

52 3575 98 3638 de
116 3577 235 3660 pascha
252 3578 340 3663 quod
354 3579 479 3662 scripsit
499 3578 583 3642 idem
604 3592 727 3658 auctor,
741 3575 955 3662 arripiendum
975 3576 1089 3640 Irenaei

51 3660 136 3724 illud
159 3675 311 3749 tanquam
337 3663 527 3750 synodicum
552 3663 684 3752 aliquid,
707 3678 740 3728 et
765 3676 934 3749 propterea
955 3660 996 3726 ad
1020 3683 1087 3726 reru

50 3767 163 3810 meam
178 3748 350 3835 pertinens,
365 3749 452 3813 haud
467 3750 583 3832 putavi.
