2716 4748
158 290 220 365 xvi
529 289 839 369 PRAEFA'I'IO.

157 496 358 570 causasque
370 472 573 571 pertinent;
589 477 799 574 proximum
814 476 925 553 fuerit
937 477 1210 579 subsidia-ejus,

159 593 413 692 rationemque
428 642 431 647 -
445 595 504 673 his
534 599 676 691 utendi,
708 627 902 700 exponere.
963 602 1207 679 Admiuieula

158 717 253 801 mihi
264 717 425 808 fuerunt,
436 720 570 818 purtim
587 720 766 805 Historias
781 723 973 800 Literariae
985 726 1206 826 sosptem,

42 866 59 887 ·
155 841 291 940 partim
315 842 386 941 ipsi
408 843 515 925 Libri
534 844 708 921 Veterum
734 849 782 921 ub
806 848 937 923 iisdem
963 851 1204 950 scriptoribus

157 963 323 1056 indicati,
336 966 375 1041 in
388 969 523 1063 quibus
539 970 703 1067 reliquiae
715 971 1003 1049 Ante-Nicaeum
1014 976 1207 1051 extabunt

156 1086 329 1167 Secundo
354 1104 476 1165 autem
495 1092 635 1171 ,ordine
657 1108 843 1197 ponentur
863 1096 1048 1177 Codicum
1073 1098 1206 1173 Msto-

157 1237 241 1287 r-um
258 1212 438 1312 Catalogi,
452 1214 596 1314 ipsique
612 1216 724 1291 etiam
742 1216 781 1293 hi
799 1217 915 1311 Msu,
927 1220 968 1295 in
983 1220 1123 1318 quibus
1138 1231 1207 1295 aut

156 1335 280 1411 brevia
303 1338 472 1433 quaedam
498 1337 619 1413 adhuc
646 1339 787 1415 inedita
811 1341 1044 1432 delitescunt,
1067 1357 1148 1434 aut,
1173 1342 1208 1421 ti

155 1460 231 1534 sint
247 1461 426 1539 librorum
436 1461 516 1557 jam
533 1462 717 1537 editorum
732 1465 914 1563 exempla,
929 1491 954 1538 e
965 1465 1206 1561 quibusvitis

154 1582 322 1661 lectionis
337 1582 525 1657 emendari
541 1599 696 1679 queunt.

165 1706 266 1779 -·.Ad
282 1706 486 1802 Scriptores
504 1705 605 1801 quod
620 1705 765 1798 attinet,
779 1706 844 1804 qui
855 1706 904 1781 de
914 1708 1126 1789 auctoribus
1142 1734 1207 1787 eo-

153 1826 364 1905 clesiastiuis
387 1828 542 1926 egerint,
559 1854 687 1903 omnes
710 1829 786 1903 fere
811 1842 996 1928 quotquot
1018 1844 1120 1922 sunt,
1137 1843 1206 1911 aut

153 1964 253 2027 certe
270 1952 335 2049 qui
351 1952 444 2027 mihi
461 1965 585 2027 essent
601 1980 706 2051 opus,
723 1953 770 2027 ad
788 1979 942 2063 manum
961 1955 1075 2031 bubui
1088 1967 1206 2052 atquo

114 2170 119 2177 Ι
153 2075 334 2165 consului,
353 2076 539 2175 praecipue
559 2077 718 2150 Cavium
742 2076 1040 2174 Fabriciumque.
1072 2077 1210 2155 --Etst

154 2224 267 2296 quem
288 2199 427 2273 librum
447 2201 643 2295 locumque
659 2199 814 2295 alicujus
830 2200 1002 2288 auctoris,
1018 2201 1084 2297 qui
1101 2199 1205 2300 apud

154 2321 239 2397 illos
254 2320 437 2399 iudicatus
454 2321 594 2411 fuisset,
607 2333 645 2394 et
661 2323 707 2395 ad
724 2321 882 2401 rationes
900 2347 1000 2399 meus
1016 2313 1225 2421 portinere¹

151 2445 349 2538 videretur,
366 2473 388 2521 u
412 2473 473 2521 me
497 2444 792 2545 praetermissum·
812 2445 927 2519 lector
950 2446 1143 2536 invenerit,
1162 2445 1210 2523 id.

152 2569 292 2644 fautum
316 2596 396 2643 esse
417 2570 508 2643 suist
530 2581 680 2667 propter
703 2579 923 2666 suspectam,
938 2567 1127 2664 mibi-ejus
1143 2570 1209 2647 vel-

152 2692 238 2769 libri
254 2693 312 2765 vel
336 2692 407 2765 loci
431 2697 623 2786 meatem.
675 2691 814 2764 Causas
836 2703 961 2765 autem
981 2689 1209 2794 suspicionis-

151 2814 226 2889 fere
252 2840 397 2912 semper
420 2811 573 2911 exposui
585 2843 599 2896 ‚·
634 2839 858 2910 quamquam
880 2840 970 2887 non.
990 2813 1209 2912 negaverim·

152 2937 192 3017 in
218 2937 290 3010 hoe
316 2936 461 3017 delectu
486 2935 657 3011 babendo
683 2962 743 3009 me
768 2935 955 3021 interdum
981 2935 1067 3034 plus
1090 2958 1203 3034 aequo

151 3059 306 3135 aliorum
328 3059 622 3139 dubitationibus
640 3058 795 3149 dedisse,
813 3059 951 3158 quippe
964 3085 1085 3156 quum
1100 3059 1202 3139 nihil

150 3185 209 3259 vel
223 3184 380 3259 dubium
396 3183 690 3273 afferreuedum
705 3182 852 3273 falsum,
868 3182 1059 3263 voluerim.
1095 3181 1200 3261 Nam

152 3309 265 3389 satius
294 3308 486 3398 ducebam,
516 3305 547 3379 si
573 3306 760 3385 sincerum
788 3304 880 3402 quid
908 3330 951 3378 ac
978 3329 1205 3403 germanum¹

150 3431 245 3513 forte
260 3432 505 3521 omitteretur,
517 3455 627 3527 quam
648 3429 677 3503 si
696 3432 903 3522 ὁποῧολιμαῖα,
916 3428 1129 3526 reoiperem,
1141 3427 1201 3502 vet

151 3555 410 3633 hereticorum
423 3554 573 3629 fortasse
590 3554 702 3627 foetus
719 3577 964 3655 supponerem
982 3548 1199 3637 catholicin

152 3679 327 3776 quoniam
344 3679 383 3752 id
402 3678 526 3754 miuus
542 3677 758 3753 offecturum
780 3702 859 3751 esse
876 3675 1011 3753 divinae
1029 3673 1207 3773 religioni·

151 3813 333 3907 putaram.
385 3801 472 3883 Quo
492 3800 609 3898 magis
633 3799 726 3879 illud
746 3798 906 3876 Andreae
920 3798 1074 3873 ¹Sobotti
1095 3781 1201 3879 coui-

150 3923 382 4026 probandum
400 3935 480 4009 est;
508 3924 712 4022 Pemugni
737 3925 921 4013 interesse,
943 3923 1038 3997 sieut
1061 3947 1149 3995 veru
1175 3947 1199 3995 u

139 4048 262 4154 subis
288 4048 484 4122 disserendi
509 4063 589 4121 orte
614 4048 821 4147 dffudicure,
846 4046 900 4123 sie
922 4048 1038 4142 γνήσια.
1058 4044 1199 4145 scriptu

151 4173 543 4272 untzquorumputmm
558 4197 583 4245 u
599 4175 696 4250 νόθοις
710 4170 924 4263 detonuere,
941 4166 1198 4271 nequinates·
1221 4262 1231 4275 ἱ
