2716 4748
158 276 222 345 190
504 255 850 369 secessurus.

157 427 255 487 seculi
269 424 386 485 secundi
399 427 547 486 dimidiam
561 431 748 508 perterruisse,
760 432 810 490 sed
824 439 964 509 quantum
978 449 1015 490 ex
1027 425 1196 510 fragmentis

157 549 221 606 ques
235 548 272 586 ex
284 527 335 586 illo
349 547 436 606 opere
454 530 597 633 producit,
612 522 680 588 licet
699 532 845 609 colligere,
861 553 905 590 res
919 534 1134 612 Apostolorum
1146 557 1196 616 po·

154 633 300 690 tissimum
313 640 358 689 est
370 642 547 710 persecutus,
560 618 591 690 et
604 635 710 711 primus
726 633 923 697 Ecclesisrum
940 639 1122 715 quorundum
1140 641 1195 699 ori

155 736 249 812 gines,
264 734 321 792 elie
333 736 447 812 parcius
461 736 568 812 attigit.
589 734 771 795 Frusrcrns.

196 833 211 874 ¹2
231 835 299 893 Hoc
318 846 363 892 est
381 835 518 904 decimus,
536 836 624 923 Petro
645 857 704 894 uns
723 849 901 917 computato.
943 843 990 898 Sic
1007 863 1096 921 suprs
1112 864 1138 904 c.
1152 866 1197 904 xv.

157 942 278 1001 Clemens
294 951 408 1018 questro
425 951 487 1017 post
500 944 614 999 Petrum
634 941 772 1001 Romanus
789 949 937 1020 episcopus,
950 949 1086 1021 siquidem
1103 968 1197 1007 seem

155 1046 207 1104 dus
230 1046 317 1111 Lissus
329 1044 400 1122 suit
418 1052 446 1103 et
468 1048 564 1103 tertius
586 1044 685 1103 cnse.
713 1045 895 1104 Fsenscrus.
938 1048 1102 1130 Secundum
1127 1050 1197 1108 ulios

153 1126 277 1210 notente
290 1149 397 1208 ibidem
411 1149 556 1217 Fabricio,
568 1132 693 1207 decimus
708 1157 752 1206 est
765 1148 845 1218 Pius,
856 1126 995 1207 Anicetus
1010 1152 1194 1224 undecimus·

155 1250 206 1308 sed
226 1249 408 1328 Hieronymo
429 1260 462 1307 ut
483 1249 545 1308 aliis
567 1249 686 1308 Latinis
703 1259 870 1327 persuasum
890 1251 979 1307 fuisse
998 1253 1051 1318 eit,
1070 1252 1195 1311 Aniceto

154 1352 239 1410 Pium
254 1353 434 1420 successisse,
448 1361 478 1410 et
496 1352 550 1410 Pio
570 1353 709 1411 Soterem.
750 1352 844 1410 Alteri
857 1371 926 1410 sero
942 1353 1093 1409 sententie
1107 1353 1195 1411 edui-

154 1444 271 1536 pulstur
288 1447 483 1535 Hessesippus,
504 1457 553 1534 qui
570 1446 792 1515 Romsm'venit
810 1457 863 1531 sub
881 1459 1017 1526 Aniceto,
1035 1459 1200 1534 diserteqne

153 1544 254 1632 trudit,
267 1563 392 1621 Aniceto
407 1564 577 1621 successisse
589 1563 731 1621 Soterem.
751 1563 817 1620 Vid.
825 1563 941 1639 Fragor.
950 1562 1026 1619 intre
1038 1562 1076 1619 sd
1086 1580 1118 1640 p.
1126 1564 1200 1621 sot.

152 1665 247 1731 Porro
267 1667 323 1724 hec
343 1666 458 1742 quidem
478 1667 508 1721 in
529 1684 560 1721 re
580 1665 738 1721 Eusebium
757 1683 840 1723 suum
856 1664 1051 1740 Hieronymus
1063 1663 1195 1740 reliquit,

153 1753 234 1829 cons.
247 1770 325 1826 enim
338 1768 389 1852 lib.
400 1770 437 1825 is.
451 1769 524 1824 Hut.
538 1769 615 1824 Eccl.
630 1785 655 1823 c.
670 1769 715 1824 12.
730 1768 780 1826 ubi
792 1769 873 1837 Pius,
887 1788 947 1826 non
959 1770 1113 1836 Anicetus,
1128 1769 1191 1847 Hy·

153 1872 223 1956 gius
238 1870 406 1925 successisse
419 1867 533 1923 dicitur.
575 1867 719 1925 Caeterum
732 1871 849 1927 Aniceti
863 1889 957 1951 sunus
972 1871 1082 1950 primus
1097 1871 1134 1959 ad
1146 1892 1197 1932 su

153 1972 263 2033 Christi
279 1973 344 2028 151.
355 1970 415 2028 fere
429 1988 540 2047 semper
553 1966 726 2073 assignetur,
741 1966 858 2030 ultimus
872 1971 999 2065 ejusdem
1013 1970 1144 2052 episcopi
1130 1972 1199 2034 e³d

152 2050 582 2133 aldebrandinum
599 2064 690 2132 annus
704 2076 813 2153 primus
825 2077 864 2136 sd
876 2091 924 2136 an.
941 2061 1006 2145 169.
1023 2059 1143 2136 ultimus
1157 2076 1200 2141 sd*

70 2237 75 2246 ,
151 2192 198 2244 an.
217 2175 282 2232 184
412 2203 416 2211 ·
910 2208 912 2212 Α
