2716 4748
322 318 375 385 m
395 250 664 384 conciatura
686 313 1012 383 Luuouuonsr.
1117 324 1185 404 ua

149 491 223 580 pois
235 489 366 561 Romano
385 489 526 571 recuset,
541 489 695 555 Romanos
713 488 858 577 pontifex
876 486 1094 554 mobaristioon
1114 477 1185 552 oon
1212 557 1214 560 ,

149 577 213 663 piti
234 577 410 642 solemniter
428 575 669 641 transmittebat.
705 577 743 640 In
764 598 830 662 quo
852 575 1022 662 dupliciter
1042 573 1185 657 falliturt

150 679 224 728 tum
248 663 337 750 quod
359 663 390 727 id
413 662 572 749 pontificis
594 662 730 725 Romani
744 662 950 812 (purilegium
972 682 1041 725 esse
1064 659 1185 742 oensit3

150 761 224 814 tum
240 749 328 836 quod
349 748 425 814 solis
443 748 626 835 hospitibus
647 769 705 812 seu
724 770 743 812 a
765 748 851 812 venis
866 747 898 812 id
918 746 1061 835 praestari
1075 744 1185 810 existi-

116 894 118 898 .
151 834 262 899 mouit.
305 834 409 921 Atqui
424 856 463 900 ex
476 834 613 900 concilio
635 833 817 899 Laodicena
836 830 1097 914 discimus,'hunc
1110 850 1186 896 mo¹³

151 942 223 986 rem
244 921 464 1005 promiscuum
485 920 595 1000 fuisse,
610 933 643 984 et
661 921 701 984 ab
721 919 870 985 omnibus
889 920 1009 1007 passim
1027 919 1188 1005 episcopio

151 1019 355 1092 usurpatum,
370 1018 407 1071 ut
422 1005 464 1070 ad
480 1006 615 1071 aliarum
629 1005 791 1072 civitatum
808 1005 1189 1092 episcopos—benedictio*

152 1092 203 1157 nis
225 1093 356 1156 nomine
377 1092 602 1157 eucharistiam
625 1092 885 1157 transmitterent.
930 1093 1053 1159 Putavit
1065 1091 1190 1156 seilicet

152 1177 339 1257 Rhenanus,
354 1178 386 1241 in
406 1176 455 1242 his
478 1176 591 1242 Irenaei
610 1178 712 1243 verbis
725 1183 780 1252 τοῖς
794 1180 848 1242 ἀπὸ
861 1171 915 1242 eoin
927 1184 1093 1266 παροικιῶν,
1108 1177 1188 1242 sub·

153 1263 259 1329 audiri
271 1265 403 1329 verbum
419 1267 543 1327 inboiut.
587 1264 688 1351 Quod
701 1278 809 1328 tamen
823 1286 887 1328 non
901 1277 950 1328 est
964 1264 1190 1331 necessarium·-

153 1351 244 1417 Nam
258 1355 283 1414 ol
296 1352 350 1413 ἀπὸ
362 1353 416 1412 τῶν
430 1375 470 1413 πα
503 1358 587 1429 tetdo,
599 1363 674 1414 sunt
685 1350 827 1436 episcopi
840 1350 1060 1416 ecclesiarum:
1075 1371 1189 1436 quem·

154 1434 332 1501 admodum
348 1436 400 1499 ἀπὸ
416 1442 456 1498 Δε
477 1435 569 1514 inmo,
589 1449 638 1500 est
658 1436 826 1522 episcopus
845 1436 998 1500 Debelti:
1023 1437 1078 1499 ἀπὸ
1094 1439 1190 1517 Eripe·

153 1519 227 1596 νείας
248 1522 416 1606 episcopus
438 1522 614 1599 Eumenia,
630 1534 666 1585 ut
686 1543 782 1607 supra
801 1522 1046 1601 obscuravimus.
1091 1522 1191 1584 Porro

153 1607 197 1671 ad
212 1607 298 1670 hunc
313 1629 437 1670 morem
451 1607 703 1672 transmittendae
718 1606 928 1684 eucharistie,
942 1608 1019 1672 facit
1031 1608 1065 1670 in
1080 1605 1192 1693 primis

154 1692 247 1758 locus
262 1694 282 1757 J
284 1691 382 1758 ustinl
394 1693 428 1769 ln
443 1693 546 1778 prima
559 1693 734 1779 Apologia,
750 1695 981 1778 εὐχαριςήσαντος
998 1695 1026 1756 δὲ
1039 1699 1086 1758 τοῦ
1100 1717 1191 1780 arpos·

155 1786 254 1856 ςῶτος,
268 1780 316 1842 καὶ
331 1779 566 1860 ἔπευφημῆσαντος
579 1781 688 1852 παντὸς
702 1784 739 1842 'cti
752 1786 822 1842 λαοῦ
837 1784 860 1841 oi
874 1778 1035 1860 καλούμενοι
1049 1781 1114 1864 παρ’
1128 1781 1192 1861 ἡμῖν’

155 1864 273 1927 διάκονοι
287 1863 404 1927 διδόασιν
418 1866 510 1950 ἑκάς-ῳ
522 1873 577 1928 τῶν
590 1864 737 1949 παρόντων
752 1863 996 1948 percontantem
1011 1871 1059 1928 τοῦ
1073 1869 1191 1951 εὔχαρι-ε

155 1947 284 2030 abieras
297 1948 382 2035 ἄρτου
397 1950 444 2012 nal
459 1949 527 2013 οἴνου
547 1950 595 2013 nol
611 1948 718 2027 ὕδατος,
733 1952 754 2036 ’b
769 1954 825 2025 τοῖς
840 1953 869 2012 oti
883 1955 1011 2034 eruption
1025 1950 1191 2035 daopipeat·
1215 1950 1217 1955 ¹

156 2036 207 2098 noel
221 2041 236 2112 ἡ
250 2040 333 2120 τροφὴ
349 2034 417 2113 αὕτη
438 2039 565 2114 nubsit-oo
585 2038 657 2121 παρ’
676 2041 739 2119 ἡμῖν
758 2035 916 2122 εὐχαριςία.
954 2034 994 2100 Id
1008 2048 1078 2100 est:
1100 2038 1193 2099 Post·

154 2142 254 2209 qaam
279 2121 421 2184 Antistes
446 2120 624 2208 gratiarum
655 2121 808 2186 actionem
832 2120 976 2205 perfecit,
1004 2132 1036 2184 et
1059 2120 1195 2207 populns

117 2270 119 2275 .
157 2205 258 2270 omnis
273 2216 454 2291 apprecatur
469 2218 526 2285 est,
539 2205 659 2271 diaconi
674 2230 713 2271 en
722 2221 806 2290 pone
819 2216 849 2270 et
864 2207 932 2269 aino
947 2218 977 2270 et
992 2229 1074 2293 aqua
1090 2228 1193 2270 conse·

157 2291 255 2355 cratis
266 2303 374 2376 partes
387 2291 529 2356 dividunt
545 2291 709 2380 oninoiqne
723 2292 936 2376 praesentium,
952 2303 982 2356 ct
1000 2292 1042 2356 ad
1056 2292 1195 2356 absentes

154 2388 296 2467 portant.
334 2379 400 2442 Hic
414 2377 497 2441 cibos
511 2387 637 2441 vocatur
651 2377 845 2440 eucharistia.
883 2377 957 2439 Scio
972 2377 1102 2463 quidem
1116 2380 1136 2442 J
1140 2401 1193 2441 us-

155 2463 217 2526 tini
231 2463 341 2527 locum
357 2464 397 2527 de
411 2465 504 2548 aegris
518 2463 667 2547 explicari
682 2485 785 2549 posse.
826 2462 888 2526 Sed
903 2477 1011 2526 nostra
1024 2464 1195 2548 explicatio

157 2548 285 2636 planior
297 2570 367 2613 esse
381 2548 514 2614 videtur.
538 2549 667 2613 Illustre
678 2550 773 2613 etiam
789 2547 886 2634 hujus
900 2549 998 2612 moris
1010 2549 1194 2634 exemplum

156 2646 262 2699 exstat
276 2633 308 2698 in
322 2635 415 2700 Actis
430 2633 566 2699 Luciani
583 2634 743 2721 martyris.
785 2632 976 2698 Notandum
989 2656 1086 2720 porro
1098 2648 1148 2699 est
1161 2633 1195 2698 in

158 2719 234 2784 loco
244 2721 363 2785 Justini
376 2742 473 2807 supra
486 2721 596 2798 citat0,
611 2741 726 2807 panem
740 2731 960 2784 consecratum
975 2720 1198 2785 aChristianio

158 2805 261 2892 vulgo
285 2806 408 2871 dictum
432 2827 500 2870 esse
521 2806 746 2871 eucharistiam
758 2830 768 2884 ;
797 2804 886 2891 quod
900 2806 1077 2869 confirmat
1098 2807 1196 2871 etiam

161 2892 304 2956 lrenaeus
323 2906 395 2955 tum
415 2891 447 2955 in
471 2892 534 2956 hoc
555 2893 639 2970 loco,
655 2905 724 2956 tum
741 2892 777 2955 in
786 2890 869 2954 libro
883 2914 911 2954 v.
927 2905 1040 2956 contra
1059 2892 1197 2957 haereses

160 2989 232 3062 cap.
243 2977 285 3040 xi.
299 2976 449 3041 Clemens
461 2979 488 3040 l.
504 2979 658 3042 Strumat.
668 2999 701 3062 p.
717 2989 783 3052 117.
806 2976 1021 3042 Tertullianus
1035 2977 1068 3040 in
1082 2977 1138 3042 lib.
1155 2978 1197 3043 de

161 3061 320 3126 Pudicitia
333 3086 363 3128 c.
376 3081 407 3140 9.
428 3065 636 3128 Venustus.
683 3062 792 3127 Addas
806 3063 855 3126 his
871 3064 1079 3147 scriptoribus
1096 3064 1197 3128 aliurn

160 3148 260 3211 etiam
282 3148 409 3212 Justino
431 3149 644 3234 antiquiorem
673 3148 836 3234 Ignatium
860 3147 1114 3227 Antiochenum,
1141 3149 1198 3234 qui

160 3233 382 3299 duobus‘loois
397 3233 554 3318 Epistolae
568 3235 610 3298 ad
625 3234 750 3320 Smyrn.
765 3233 833 3296 scil.
849 3236 901 3316 §§.
912 3246 943 3311 7,
957 3247 991 3295 et
1005 3248 1033 3297 8.
1050 3247 1082 3296 et
1097 3234 1198 3298 semel

92 3344 100 3353 ··
157 3319 196 3392 :in
211 3319 275 3403 Ep.
290 3319 333 3382 ud
345 3317 544 3403 Poitodetpo.
561 3322 635 3401 §.ab
658 3340 774 3383 nornen
794 3320 993 3382 eucharistiae
1017 3319 1079 3382 hoc
1103 3341 1200 3384 sensu

161 3405 338 3490 usurpavit.
382 3405 512 3471 Rectius
532 3427 607 3471 vero
627 3404 833 3490 explicandus
846 3419 895 3469 est
908 3403 1136 3481 Justinilocus
1156 3403 1199 3468 de

161 3488 410 3573 roielbnaiope‘oote
423 3491 456 3555 h.
468 3512 497 3554 e.
515 3490 744 3576 aegrotantibus
766 3502 799 3553 et
821 3490 963 3568 infirmis,
983 3489 1033 3554 uti
1053 3491 1199 3555 fecerunt

162 3576 306 3640 Grabius
329 3588 363 3640 et
383 3576 552 3641 Ashtonus
574 3577 607 3640 in
629 3575 822 3641 editionibus
839 3575 958 3639 Justioi
971 3573 1199 3662 Apologiarum

164 3662 318 3761 suis,.sub
334 3662 386 3726 fin.
455 3663 551 3748 uippe
566 3662 747 3748 deportatio
762 3661 795 3723 S.
809 3660 1007 3725 eucharistiae
1020 3682 1078 3746 per
1092 3661 1201 3726 diaco-

164 3768 235 3825 nos,
249 3748 354 3834 mquit
370 3664 509 3811 Gribius
523 3746 564 3811 ad
580 3749 734 3811 Irenaenno
753 3769 786 3832 p.
800 3753 870 3810 466.
890 3746 982 3834 cujus
1003 3745 1133 3833 quidem
1154 3748 1201 3811 rei
1224 3799 1226 3804 .

163 3833 251 3919 apud
265 3833 431 3897 Justinum
453 3834 538 3897 facta
559 3834 681 3897 mentio
702 3846 761 3910 est,
782 3831 898 3917 saepius
919 3847 952 3897 et
974 3832 1142 3910 ordinarie,
1164 3844 1201 3897 ut

164 3919 266 3997 aiunt,
276 3919 349 3981 lieri
363 3919 497 3997 solebat,
511 3918 611 3983 altera
624 3940 708 3997 vero,
720 3918 871 4004 paschali,
884 3917 932 3981 vel
947 3919 1011 3995 olio
1025 3917 1200 3983 extraordi-

165 4004 255 4067 nario
269 4017 424 4089 tempore.
448 4007 520 4068 Imo
530 4025 605 4069 vero
620 4018 710 4073 notat
723 4004 943 4082 Constantius²
957 4003 1139 4090 loco-supra
1150 4004 1201 4067 in·

165 4089 287 4166 dicato,
303 4091 526 4154 Innocentium
542 4091 722 4153 Romanum
734 4089 932 4174 episcopum,
945 4090 1041 4152 etiam
1055 4111 1127 4153 cum
1141 4091 1203 4152 flo-

165 4188 251 4239 reret
266 4173 447 4239 Christiana
468 4175 592 4261 religio,
606 4197 626 4240 a
642 4175 802 4240 Decentio
818 4175 992 4260 Eugubino
1006 4175 1202 4254 consultum,

168 4281 246 4327 uum
259 4260 522 4350 eucharistiaper
535 4260 690 4350 paroecias
704 4260 876 4333 deferenda
889 4275 984 4341 esset,
999 4260 1062 4326 hoc
1071 4261 1203 4344 mittiue
