2716 4748
205 279 296 345 xxx·
577 267 886 347 PRAEFA'I'IO.

209 465 303 527 stare
329 480 350 527 a
375 479 476 529 more
501 465 557 528 est
580 468 619 530 et
644 456 815 531 instituto
840 456 1157 537 Bibliotheearum
1185 461 1256 536 Pa·

208 586 307 647 trum
334 575 507 648 alienum.
558 575 706 650 Deinde
732 579 850 653 multo
876 579 1048 678 pauciora
1070 607 1118 657 ex
1143 581 1255 657 editis

200 701 310 799 ¹libris
338 705 440 796 (nam
467 702 625 776 ineditos
651 717 753 777 taceo
778 718 999 803 catenasque
1022 719 1184 804 paturm,
1205 732 1255 781 ex

207 823 341 921 quibus
361 824 622 897 nihilomnino
645 851 710 898 suo
728 825 872 921 judicio
889 852 976 903 urus
993 830 1149 926 protulit
1162 830 1256 910 Gal·
1282 844 1286 851 “

203 939 369 1042 landius)
388 972 499 1043 quam
523 947 656 1020 licebat
680 960 790 1044 atque
813 949 1016 1047 oportebat,
1039 951 1086 1023 ab
1109 976 1155 1023 eo
1172 952 1255 1025 ool·

203 1067 300 1143 lecta
318 1080 414 1142 sunt.
453 1069 693 1144 Contra‘vero
711 1096 757 1143 ex
774 1082 830 1142 tot
848 1070 1051 1146 innumeris
1061 1072 1254 1171 ‘fragmen-

205 1189 267 1278 tis,
285 1190 314 1262 si
340 1216 456 1273 unum
482 1191 575 1264 forte
600 1190 645 1264 de
671 1191 866 1265 schismate
890 1190 1101 1266 Meletiano·
1119 1194 1188 1267 sub
1212 1195 1253 1271 S.

206 1311 316 1387 Petro
331 1312 585 1386 Alexandrino
608 1319 801 1406 ἀπόσπασμα
824 1314 1040 1412 excipiatur,
1059 1317 1160 1390 nulla
1183 1338 1253 1416 ego
1313 1341 1316 1346 ·

205 1432 322 1509 debeo
349 1435 555 1508 Gallandio.
608 1434 709 1517 Quin
732 1436 865 1534 cogita,
884 1462 1064 1534 nusquam
1083 1463 1169 1513 eum
1187 1466 1253 1514 ex·

205 1556 382 1656 emplaria
398 1569 462 1630 eut
479 1558 625 1658 scripta,
643 1573 708 1633 aut
723 1559 834 1649 edita,
850 1561 896 1634 ad
916 1562 981 1634 hos
998 1561 1252 1636 emendandos

204 1695 383 1774 auctores,
397 1683 547 1782 dempto
565 1712 639 1759 uno
655 1699 764 1782 atque
782 1687 897 1759 altero
913 1685 1127 1775 eorundem,
1145 1685 1252 1760 adhia

205 1808 341 1881 buisse‘
373 1806 651 1904 Accedit,‘quod
670 1808 776 1898 nihil,
790 1822 855 1881 aut
871 1808 946 1882 fere
965 1808 1071 1898 nihil,
1084 1809 1249 1906 priorum

204 1927 504 2000 annotationibus
523 1927 569 1999 de
586 1955 652 2002 suo
670 1928 813 2024 adjecit.
865 1929 956 2002 ldeo
976 1929 1127 2004 fortasse
1149 1928 1250 2002 idem

204 2049 267 2123 ille
284 2052 434 2150 σπείρω,-
450 2077 533 2146 quae
556 2052 624 2125 sibi
646 2053 791 2151 obtigit,
809 2081 955 2129 ornasse
973 2055 1096 2129 minus
1114 2066 1170 2126 est
1185 2079 1251 2127 ex-

203 2173 436 2247 istimandus.
470 2176 594 2270 Atque
612 2176 692 2248 haee
708 2203 783 2249 non
801 2175 896 2268 dico,
909 2191 952 2250 ut
964 2179 1095 2251 merita
1112 2177 1249 2276 egregii

203 2298 271 2372 viri
296 2296 403 2370 laude
426 2297 628 2388 detraham,
652 2299 716 2394 qui
740 2310 883 2372 tantum
911 2301 1125 2398 praestitisse
1150 2299 1251 2373 vide-

202 2432 275 2511 tur,
290 2432 468 2518 quantum
486 2420 542 2512 vel
558 2432 703 2518 tempus
720 2421 939 2524 permiserit,
950 2423 1005 2494 val
1025 2422 1117 2495 ratio
1129 2421 1249 2520 operis

202 2547 272 2639 aui,
289 2547 360 2619 alia
377 2545 504 2642 utique
522 2556 578 2617 tot
600 2556 636 2616 et
660 2556 762 2617 tanta
778 2545 1069 2642 complectentis,
1086 2546 1250 2644 postula-

200 2674 306 2745 verit.
357 2672 510 2743 Etenim
528 2697 644 2767 quum
666 2671 705 2742 in
724 2671 996 2768 prolegomenis
1013 2672 1247 2746 voluminum

202 2822 354 2871 suorum
373 2794 565 2867 abeodem
584 2795 658 2866 sint
674 2793 751 2865 viro
769 2793 877 2866 docto
899 2795 1018 2892 posita
1041 2794 1158 2867 multa
1182 2819 1249 2866 no-

201 2930 282 2993 tatu
300 2918 423 3016 digna,
441 2929 479 2990 et
505 2917 551 2990 ad
574 2917 763 2991 historiam
790 2917 987 2990 literarium
1012 2916 1248 3015 pertinentia,

202 3039 380 3140 'quiequid
406 3039 584 3135 ejusmodi
611 3065 633 3110 a
658 3066 718 3111 me
739 3039 917 3111 omissum
940 3051 1047 3130 esset,
1066 3039 1105 3113 id
1127 3040 1247 3112 nomi-

201 3177 289 3240 nato
307 3162 503 3236 Gallandio
521 3162 702 3258 adjectum
722 3173 787 3234 est.
840 3161 911 3233 Sed
937 3162 1023 3234 satis
1040 3161 1086 3234 de
1103 3163 1172 3235 hac
1195 3189 1245 3251 re,

202 3312 319 3384 quum
335 3286 414 3382 jam
433 3286 577 3384 longior
594 3285 643 3358 sit
659 3310 778 3357 sermo
796 3310 911 3356 meus.
957 3283 1116 3381 Reliqua
1133 3283 1247 3382 igitur

203 3408 389 3484 finiamus.
486 3454 492 3465 ·

241 3533 354 3606 ‘Cum
386 3533 512 3605 breves
542 3530 680 3628 aliquas
713 3530 938 3603 narrationes
970 3529 1124 3628 singulis
1153 3527 1245 3603 meis

201 3656 411 3731 auctoribus
438 3655 639 3727 necessario
664 3653 929 3752 praeponendas
952 3680 1028 3726 esse
1045 3679 1245 3744 cernerem,

202 3779 242 3856 in
261 3779 395 3875 quibus
412 3777 497 3850 vitae
514 3802 641 3848 eorum
659 3802 700 3848 ae
718 3776 853 3874 scripta
864 3776 976 3847 veluti
992 3776 1121 3874 primis
1140 3776 1246 3852 lineis

203 3903 494 4000 designarentur,
522 3898 823 3972 commentariola
851 3898 1022 3996 quaedam
1053 3899 1168 3996 adjeci
1198 3927 1246 3974 ex

200 4025 240 4101 S.
254 4023 478 4122 Hieronymi
500 4022 593 4095 libro
613 4022 839 4120 deprompta,
857 4046 965 4116 quem
983 4021 1047 4094 De
1067 4020 1174 4095 Van
1191 4021 1246 4095 Il·

201 4144 378 4226 lustribrn
394 4147 561 4246 scripsit3
591 4146 646 4219 vir
665 4170 821 4244 magnus
842 4157 882 4218 et
900 4144 991 4244 ipse,
1008 4145 1136 4242 judice
1158 4145 1245 4222 Sca·
