2716 4748
323 302 377 377 iN
398 308 667 415 CONCILIUM
685 310 1013 379 LUGDUNENSE.
1116 327 1182 403 415

148 475 274 562 babet3
296 479 450 632 idempue
472 504 492 546 a
516 481 661 548 Strothio
681 479 714 547 in
734 478 811 549 edit.
830 505 920 549 suam
939 492 1105 571 receptum
1123 495 1184 550 est.

153 566 325 632 Consentit
339 569 385 632 M
408 615 416 632 .
452 567 561 634 uidem
577 567 717 718 Nopsolc.
732 569 789 635 sed
803 571 972 635 lectionem
989 570 1185 637 Vrrlenanont

150 664 265 718 tuetur
277 653 354 718 MS.
368 591 462 718 Boni.
476 677 534 720 seu
550 655 624 721 Snvi
640 702 648 719 .
680 657 723 719 Et
738 655 863 742 scripsit
879 656 943 721 hoc
956 656 1054 721 modo
1069 678 1140 742 cap.
1153 670 1183 724 8.

144 737 212 804 ·lib.
224 738 269 804 iii.
285 741 401 804 Contra
416 740 539 805 Hares.
560 741 629 828 ipse
653 762 783 828 quoque
804 742 955 822 Irenaeus,
971 743 1026 806 ubi
1040 741 1186 830 ejusdem

151 823 201 888 rei
222 825 419 890 mentionem
439 827 527 906 facit,
543 827 584 892 de
607 826 785 914 Polycarpo
807 827 853 892 ita
873 828 1012 907 locutus,
1029 826 1057 903 t,
1076 830 1124 892 aui
1142 829 1186 892 ἐπὶ

150 909 297 988 Ἀνικήτου
310 912 475 994 ἐπιδημήσας
488 918 521 1000 τῇ
534 911 636 999 Ῥώμῃ.
787 936 789 940 ’

150 996 550 1146 Μξ.ἳ32.1.ἰ15.χόντες]
577 998 686 1086 ἔχοντες
712 995 841 1084 Nicepb.
864 1000 1033 1065 STROTH.
1078 1000 1130 1063 Ita
1153 1008 1188 1063 et

224 1127 232 1144 .
282 1104 347 1144 oro
381 1129 388 1146 .

199 1081 382 1232 Ibid.l.f16.
405 1169 483 1243 εὐθὺς
505 1168 669 1255 εἶρήνευσαν]
689 1169 840 1256 εἰρήνευσαν
858 1171 935 1244 εὐθὺς
950 1169 1079 1256 Nzcepb.
1101 1169 1188 1234 Idem

143 1251 250 1317 ‘verba
262 1255 330 1340 osopi
344 1252 440 1318 τούτου
454 1259 503 1317 τοῦ
517 1255 668 1339 κεφαλαίου
682 1255 944 1320 antecedentibus
961 1255 1084 1344 jungit.
1120 1257 1188 1321 Ve-

151 1360 228 1419 rum
244 1338 336 1403 aliter
346 1338 448 1426 Rnfin.
465 1341 635 1406 Srnorn.

208 1422 293 1488 Ibid.
323 1427 390 1510 aspi
412 1425 508 1490 τούτου
532 1433 580 1490 τοῦ
609 1424 775 1512 κεφαλαίου]
803 1424 942 1491 Pessime
966 1424 1052 1490 hunc
1077 1424 1188 1498 locum

151 1509 382 1597 interpretatus
404 1523 454 1576 est
483 1511 817 1612 Christophorsonus3
845 1512 937 1600 cujus
963 1512 1064 1576 versio
1088 1513 1190 1576 Baro-

153 1597 246 1659 nium
268 1609 380 1682 postea
401 1597 434 1660 in
456 1619 597 1662 errorem
619 1598 753 1662 induxit.
788 1598 841 1661 Sic
860 1598 945 1661 enim
966 1596 1071 1661 vertit.
1105 1597 1190 1682 Qnin

150 1694 211 1766 pro
227 1680 372 1766 botfesto
386 1682 579 1763 observando,
593 1683 673 1770 qnod
686 1685 898 1748 controversiae
910 1693 1003 1766 capnt
1018 1681 1189 1762 videbatur,

153 1765 301 1832 cantatis
313 1766 440 1831 vinculo
456 1769 636 1856 neutiquam
649 1778 809 1854 ruperant.
855 1768 919 1832 Cui
939 1768 1191 1854 interpretationi

154 1852 292 1918 nimium
307 1852 406 1917 fidens
422 1855 577 1919 Batonius
592 1856 634 1920 ad
647 1877 765 1920 annum
784 1854 905 1918 Christi
923 1859 988 1929 167.
1003 1853 1113 1919 scribit
1128 1856 1191 1919 Po-

154 1936 325 2025 lycarpum
339 1938 412 2003 ideo
425 1941 561 2004 Romam
572 1941 703 2019 venisse,
718 1951 753 2004 ut
767 1939 897 2004 dissidia
911 1962 983 2025 quae
997 1939 1037 2003 de
1048 1939 1191 2025 paschali

150 2023 241 2091 festo
261 2036 332 2106 orta
351 2024 486 2104 fucrant,
502 2048 577 2090 cum
591 2026 730 2091 Aniceto
750 2037 978 2112 componeret:
1000 2024 1098 2112 idque
1120 2028 1191 2091 Eu-

156 2109 283 2175 sebium
305 2121 338 2173 et
358 2110 515 2175 Irenaeum
535 2111 701 2176 affirmare.
744 2112 848 2198 Atqui
862 2113 1002 2175 Irenaeus
1017 2111 1049 2175 id
1065 2134 1128 2177 non
1143 2111 1193 2176 di-

155 2194 214 2275 cit,
230 2195 291 2261 nisi
311 2195 395 2260 forte
416 2219 456 2261 ex
472 2197 616 2261 versione
634 2195 932 2283 Christophorsoni.
976 2198 1050 2262 Hoc
1065 2208 1193 2263 tantum

157 2279 204 2346 ait
231 2282 385 2362 Irenaeus,
411 2304 486 2346 cum
518 2282 713 2368 Polycarpus
738 2283 874 2346 Romam
901 2281 1036 2367 venisset
1061 2283 1194 2348 Aniceti

156 2368 369 2452 temporibus,
386 2385 418 2432 et
437 2368 520 2432 leves
536 2368 688 2455 quasdam
706 2389 779 2431 cum
795 2367 851 2431 iilo
866 2366 905 2430 de
920 2367 989 2430 aliis
1003 2366 1098 2430 rebus
1113 2389 1192 2431 con·

158 2454 327 2517 troversias
348 2453 521 2533 habuisset,
543 2454 654 2517 ambos
677 2467 784 2516 tamen
805 2452 893 2516 illico
916 2474 1027 2538 pacem
1051 2454 1133 2516 inter
1156 2474 1192 2518 se

157 2538 284 2618 fecisse,
300 2560 337 2603 ac
359 2538 399 2604 de
420 2539 504 2604 festo
526 2538 654 2625 paschae
677 2538 816 2603 noluisse
837 2539 918 2602 inter
937 2559 972 2602 se
989 2538 1192 2604 contendere.

156 2623 239 2689 Non
260 2625 359 2711 igitur
381 2625 425 2689 ob
447 2625 657 2712 quaestionem
671 2623 713 2688 de
726 2623 808 2687 festo
822 2623 961 2710 paschae,
977 2623 1033 2689 sed
1052 2623 1096 2688 ob
1116 2624 1193 2688 alias

183 2710 316 2775 uasdarn
330 2712 560 2776 controversias
575 2712 712 2775 Romam
727 2722 854 2773 venerat
868 2709 1073 2795 Polycarpus.
1118 2709 1194 2775 Scio

157 2733 400 2883 ilieronymum
414 2798 447 2860 in
462 2796 544 2861 libro
558 2796 599 2860 de
615 2794 822 2881 scriptoribus
838 2794 1079 2874 Ecclesiasticis,
1092 2796 1193 2861 Baro-

158 2881 206 2946 nii
231 2884 421 2947 sententiam
443 2881 642 2947 confirmare.
688 2881 740 2946 Sic
761 2881 846 2944 enim
868 2880 914 2944 ait
936 2880 977 2944 de
1004 2881 1194 2968 Polycarpo.

157 2967 227 3043 Hic
252 2979 379 3052 propter
409 2967 560 3055 quasdam
586 2982 676 3052 snper
700 2966 750 3030 die
775 2964 902 3052 puscboe
928 2967 1114 3053 questiones
1139 2967 1201 3054 snb¹

158 3054 245 3138 Imp.
268 3053 427 3118 Antonino
455 3053 526 3132 Pio,
554 3053 711 3117 ecclesium
744 3062 868 3152 regente
893 3051 1033 3132 Anic'eto,
1062 3052 1195 3117 Romam

158 3138 255 3202 venit.
301 3140 352 3203 Ita
364 3140 461 3204 etiam
479 3139 637 3203 Eusebius
652 3152 760 3202 noster
779 3162 812 3202 m
833 3137 888 3202 lib.
901 3139 941 3202 iv.
956 3160 1027 3223 cap.
1045 3150 1092 3201 14.
1129 3136 1195 3201 Sed

159 3245 236 3288 cum
252 3225 473 3312 Hieronymus
487 3224 519 3289 id
533 3245 573 3288 ex
587 3225 727 3288 Eusebio
748 3222 940 3308 sumpserit3
963 3222 1119 3287 Eusebius
1134 3244 1194 3287 au·

161 3323 228 3373 tem
243 3331 283 3374 ex
301 3310 443 3389 Irenae03
468 3308 691 3396 inquirendum
707 3321 756 3373 est
769 3331 788 3372 a
803 3309 906 3388 nobis,
922 3330 986 3372 non
1001 3307 1078 3393 quid
1092 3310 1198 3372 Euse-

159 3393 234 3458 bius
249 3395 364 3461 dixerit
381 3418 418 3459 ac
440 3396 671 3481 Hieronymus,
687 3394 742 3458 sed
763 3395 872 3479 potius
887 3392 1110 3480 quidsenserit
1125 3395 1194 3467 Ire·

160 3501 262 3544 naeus.
277 3482 485 3546 Vntssrus
509 3481 612 3567 Atqui
623 3480 687 3543 hoc
701 3481 807 3566 ipsum
823 3480 936 3544 Irenaei
948 3479 1042 3543 verba
1056 3479 1195 3578 loquun-

160 3576 225 3645 tur,
250 3587 365 3653 nempe
390 3565 600 3715 Polpcarpum
630 3567 764 3630 Romam
792 3566 912 3630 venisse
936 3563 970 3628 ob
996 3576 1195 3652 qnaesttonem

160 3651 334 3736 quandam,
350 3675 421 3738 quae
463 3674 481 3716 e
501 3652 552 3716 die
572 3651 699 3737 paschae
720 3651 987 3730 incinerantur»
1006 3652 1114 3733 ζήτημα
1127 3651 1194 3734 eropi

159 3742 208 3812 τῆς
223 3740 343 3801 κατὰτὸ
358 3738 398 3800 πά
425 3764 445 3800 α
457 3736 557 3823 ἡμέρας
571 3737 689 3802 Eusebi
704 3737 761 3800 lib.
771 3738 809 3801 iv.
822 3760 893 3822 cap.
906 3751 952 3805 14,
968 3737 1020 3802 Μ.
1034 3736 1193 3823 Slaortr‘ng.

160 3821 196 3885 in
216 3821 373 3902 locum,a
424 3842 619 3887 nsnrucro
638 3821 807 3888 adductus.
851 3823 908 3886 Sin
929 3822 1004 3887 velit
1022 3821 1195 3900 iile,voces

159 3907 238 3972 istas
255 3908 368 3972 Irenaei
383 3929 463 3985 esse,
477 3930 542 3972 non
556 3908 698 3986 Eusebii,
715 3909 769 3995 qui
791 3909 949 3972 Irenaeum
965 3907 1094 3994 quidem
1114 3905 1205 3971 illud

163 4014 305 4063 narrasse
319 3994 439 4074 scribit,
456 3994 488 4058 in
501 3994 565 4058 hoc
580 3987 711 4058 fallitur.
755 3994 843 4081 Quin
857 4006 888 4056 et
905 3993 1043 4058 Grabius
1055 4005 1088 4056 et
1102 3995 1194 4063 Mas-

162 4093 286 4158 suetus,
300 4079 355 4166 qui
371 4080 528 4145 Irenaeum
544 4078 723 4158 ediderunt,
738 4102 812 4144 cum
825 4079 956 4144 Valesio
971 4079 1102 4143 faciunt.
1131 4077 1195 4142 Sed

158 4164 293 4244 interea,
308 4187 382 4229 cum
398 4165 544 4229 vidissem
560 4165 754 4230 Melitonem,
772 4165 805 4228 in
826 4165 1005 4250 fragmento
1026 4163 1130 4249 operis
1146 4163 1196 4242 sni

162 4248 215 4315 De
226 4249 377 4315 Pasctote
391 4272 488 4338 supra
501 4250 542 4316 ad
556 4271 632 4338 pag.
645 4265 709 4331 109.
722 4251 882 4322 collocato
899 4261 1088 4330 narrantem,
1101 4269 1195 4335 mag-
