2716 4748
165 318 227 370 212
364 352 368 359 .
496 302 851 371 ANNOTATIONES

164 472 250 538 cobo
273 473 492 561 episcopatum
505 472 635 539 'addixit
660 474 802 554 Photius,
824 474 932 575 quiin
955 475 1107 564 Epistola
1126 451 1191 558 lli.

165 558 286 637 scribit,
301 557 387 624 hunc
408 559 448 623 de
470 581 568 624 rnanu
588 560 687 646 ipsius
708 560 841 625 Domim
859 561 1192 652 Hierosolymitanum

163 644 370 730 presulatum
389 646 574 732 accepisse3
598 645 685 732 quod
706 668 744 709 ex
764 646 920 711 veteribus
942 649 1091 715 nonnulli
1109 674 1193 738 quo·

186 752 226 795 ue
240 744 450 809 narraverant,
461 743 498 795 ut
510 729 761 819 Chrysostomus
774 729 892 795 Hamil.
901 733 944 796 xi.
956 732 990 797 ia
1001 735 1146 801 Primam
1157 738 1197 803 nd

163 753 235 880 ilor-
248 828 282 881 et
297 817 430 902 Prosper
444 815 626 902 Aquitanus
642 815 673 880 in
692 816 834 881 Chronico
851 819 977 906 Integra
998 842 1017 882 a
1037 821 1195 889 Roncallo

165 923 266 988 nuper
287 901 385 967 edito.
430 903 501 966 lnro
520 900 642 966 dixerat
665 903 761 966 ctiam
781 903 939 967 Eusebius
959 904 1017 968 lib.
1032 905 1086 970 vii.
1108 907 1195 974 Hist.

162 1003 253 1137 cb19.
265 987 422 1136 accepisse
433 987 592 1052 Jacobum
606 987 826 1074 episcopatum
840 987 881 1052 ab
895 989 966 1074 ipso
981 991 1151 1063 Servatore
1164 1009 1196 1059 et

162 1094 180 1136 a
216 1094 236 1136 a
280 1084 330 1137 sto
354 1094 381 1136 s.

207 1094 382 1237 Cieierum,
397 1171 505 1222 utrum
528 1181 567 1223 ex
587 1156 740 1244 apostolis
755 1157 924 1223 duodecim
940 1161 1049 1240 fuerit,
1066 1174 1106 1226 ut
1121 1163 1195 1229 Cle·

163 1264 253 1308 urens
279 1243 373 1309 Alex.
400 1256 483 1308 teste
497 1244 663 1322 Eusebio,
692 1244 813 1323 docuit,
840 1265 952 1325 necne,
977 1245 1030 1310 hic
1061 1247 1196 1315 Domini

163 1328 361 1417 propinquus
373 1343 405 1393 et
423 1329 735 1415 Hierosolymitanus
745 1329 925 1429 episcopus,
936 1354 990 1395 ma
1037 1354 1058 1396 a
1072 1355 1197 1422 semper

163 1413 226 1479 fuit
239 1415 387 1502 quaestio.
417 1417 545 1480 Interea
558 1437 598 1479 ex
613 1415 647 1478 S.
662 1413 750 1478 Pauli
764 1415 820 1480 rllo
836 1416 868 1479 in
883 1417 947 1501 Ep.
963 1440 982 1480 o
1023 1418 1101 1483 Gal.
1114 1421 1137 1484 i.
1152 1436 1195 1500 19.

162 1498 273 1565 Atium
288 1512 393 1566 autem
406 1500 614 1586 apostolomm
627 1500 692 1565 cidi
706 1500 867 1579 neminen,
883 1503 944 1566 nisi
957 1502 1109 1567 Jocolmm
1119 1504 1197 1592 fro·

163 1597 241 1651 trem
256 1587 396 1667 Domini,
409 1586 485 1651 satis
503 1585 663 1650 evidenter
684 1584 747 1648 hoc
768 1585 895 1671 probari
916 1601 1026 1652 censet
1037 1587 1197 1656 doctissi-

163 1695 234 1738 mus
248 1671 472 1737 Montacutius
492 1672 524 1735 in
544 1670 627 1735 libro
641 1668 781 1756 Anglice
798 1670 929 1756 scripto,
943 1671 1100 1738 Ecclesiae
1112 1675 1196 1743 Aeto

162 1769 194 1823 et
217 1758 424 1823 Monamcnta
452 1756 508 1842 qui
535 1754 727 1820 inscribitur.
756 1776 828 1841 cap.
853 1755 916 1821 viii.
940 1757 970 1839 ξ.
993 1769 1045 1832 75.
1070 1781 1105 1847 p.
1126 1774 1195 1842 549.

161 1841 237 1907 Vrd.
252 1857 286 1908 et
301 1841 503 1907 Pearsonium
517 1841 619 1905 Lectt.
634 1840 665 1904 in
680 1840 763 1904 Acta
777 1840 888 1927 Apost.
902 1840 987 1928 apud
1005 1842 1066 1928 Op.
1080 1848 1195 1912 Postu·

162 1949 225 2008 mo,
235 1928 275 1992 iv.
284 1939 315 1992 4.
327 1949 360 2014 p.
369 1941 418 1992 58.
445 1926 544 1991 Porro
559 1926 657 1990 habet
669 1927 901 1991 vetustissimus
917 1928 960 2006 Pa
982 1927 1030 1993 ias
1044 1929 1080 1993 in
1094 1931 1195 2020 Frag-

163 2028 273 2079 mento
296 2012 458 2078 Grabiano
478 2010 793 2098 supraadpag.16:
815 2012 927 2077 Morio
949 1948 1108 2098 damna,
1131 2017 1196 2082 sive

160 2097 290 2250 {pipini
309 2120 399 2178 amor,
421 2119 494 2185 qaae
505 2095 581 2183 fnit
602 2108 704 2161 mater
719 2096 827 2161 Jocoti
847 2097 979 2248 episcopi
1000 2109 1031 2162 ct
1053 2102 1194 2186 apostati.

195 2205 214 2248 e
236 2206 277 2249 ue
299 2184 425 2249 differre
448 2182 608 2248 Jacobum
630 2183 816 2269 episcopum
839 2206 857 2247 a
898 2184 1048 2270 apostolo
1068 2186 1194 2254 Jacobo

160 2270 227 2358 alp
252 2270 291 2335 aei
312 2269 389 2350 filio,
411 2268 590 2355 nuperrime
610 2269 757 2355 exposuit
778 2268 986 2334 Gerbrandus
1006 2269 1096 2336 Elias
1116 2272 1196 2338 Dis·

161 2367 234 2422 rcrt.
250 2358 329 2421 Inna
355 2356 410 2420 .in
424 2354 529 2440 Epist.
544 2353 648 2418 Judoe.
670 2353 807 2440 Traject.
822 2355 893 2419 But.
909 2377 959 2419 an.
978 2369 1064 2420 180³.

206 2444 239 2507 P.
254 2379 357 2521 1925.
368 2460 398 2520 9.
421 2447 434 2504 t
449 2442 564 2521 ἁδελφὸς
575 2445 612 2504 rii
627 2438 730 2527 Kapsa]
746 2440 854 2505 Verba
868 2440 985 2504 absunt
999 2464 1018 2505 a
1030 2441 1096 2505 cod.
1110 2442 1207 2523 Nora

149 2527 232 2615 sola.
260 2528 382 2592 caeteris
406 2525 649 2638 refrepantibus.
700 2525 810 2591 Habet
834 2532 882 2589 τοῦ
907 2528 1014 2614 Χςιςοὸ
1041 2527 1195 2618 Georgius

162 2613 284 2701 Syncel.
299 2635 358 2761 pro
372 2618 410 2675 ri
424 2617 515 2698 Kupra
530 2626 604 2676 ante
614 2608 731 2719 xpirur.

203 2698 288 2764 lbid.
317 2745 325 2761 .
343 2712 388 2761 10.
411 2702 424 2760 ὁ
442 2698 591 2778 dispesitis
606 2701 655 2759 ὑπο
670 2696 777 2760 πάντων
791 2696 904 2782 δίκαιος]
924 2699 1000 2761 Post
1012 2697 1084 2763 haec
1100 2701 1194 2766 verbe

160 2783 194 2848 in
208 2784 320 2848 codice
334 2782 504 2846 Mazarino
517 2803 555 2845 ac
568 2782 651 2846 Fuk.
664 2782 809 2868 apposita
823 2796 872 2846 est
886 2782 1061 2848 distinctio.
1082 2787 1192 2871 Quam

162 2867 292 2955 quidem
320 2867 385 2932 inte
424 2867 609 2931 unctionem
637 2882 765 2931 secutus
792 2867 917 2933 videtur
946 2869 1091 2934 Rufinus.
1139 2871 1193 2936 Sic

161 2954 246 3019 enim
261 2952 374 3018 vertit:
419 2951 535 3038 usccpit
550 2951 723 3017 Ecclesiam
744 2974 812 3016 cum
826 2953 984 3038 Apostotis
996 2953 1110 3041 frater
1123 2957 1192 3020 Do·

161 3038 238 3103 mini
251 3037 393 3117 Jacotus,
414 3037 469 3126 qui
489 3037 527 3102 ab
547 3037 683 3103 omnibus
704 3039 934 3126 cognominatus
954 3050 999 3103 est
1012 3041 1134 3126 justus,
1154 3043 1209 3111 ob.

161 3126 237 3212 ipsis
252 3124 382 3191 Domini
397 3123 581 3210 temporibus
589 3125 771 3275 perdurans
786 3145 881 3210 usque
900 3124 942 3189 od
957 3147 1021 3188 nos.
1065 3126 1191 3192 Verum

159 3211 195 3277 in·
212 3211 325 3277 codice
346 3211 449 3298 Regio
470 3232 507 3274 ao
529 3212 588 3275 Me
613 3257 621 3274 .
642 3223 675 3274 et
694 3209 780 3295 apud
800 3210 1022 3297 Nicephorum
1036 3211 1128 3276 nulla
1142 3227 1193 3280 est

159 3297 318 3385 adscripta
340 3296 502 3362 distinctio
526 3310 601 3382 post
623 3317 731 3360 vocem
757 3296 880 3374 δίκαιος;
903 3295 959 3360 sed
985 3309 1073 3362 totus
1098 3297 1193 3364 locus

159 3405 226 3448 uno
247 3381 361 3469 spiritu
381 3381 587 3447 continuatur
604 3381 667 3446 hoc
687 3380 797 3459 modo,
813 3387 826 3444 ὁ
840 3382 989 3464 tropeum
1005 3383 1055 3445 ὑπὸ
1072 3381 1193 3448 πάντων

159 3469 261 3544 δίκαιος
282 3468 337 3531 oiri
356 3476 410 3532 τῶν
428 3475 477 3532 rori
496 3467 598 3554 Kopion
613 3466 719 3553 χρόνων
732 3466 821 3555 μέχρι
834 3468 881 3530 καὶ
896 3474 979 3550 ἡμῶν.
1017 3466 1056 3531 Id
1070 3483 1121 3534 est
1135 3469 1192 3556 qui

161 3553 199 3618 ab
214 3553 290 3638 ipsis
306 3552 422 3618 Christi
438 3552 620 3650 temporibus
633 3573 728 3640 usque
743 3553 784 3616 od
796 3563 934 3616 nostram
945 3562 1072 3616 aetotem
1078 3553 1193 3636 justus

160 3639 198 3704 od
214 3638 351 3703 omnibus
364 3649 594 3726 cognominatus
607 3647 662 3701 est.
706 3639 749 3702 Et
761 3638 844 3703 hanc
859 3637 988 3737 quidem
1009 3637 1195 3705 disti-notio-

160 3747 235 3790 nem
254 3725 287 3788 in
309 3725 568 3811 interpretatione
588 3745 660 3787 mea
679 3723 768 3810 sequi
783 3723 894 3801 malin,
909 3734 983 3809 post
997 3724 1193 3790 Musonium

159 3826 193 3876 et
207 3809 537 3897 Christophorsonum
552 3835 560 3869 z
584 3810 701 3896 quippe
716 3831 787 3895 quae
805 3809 921 3895 certior
935 3821 967 3872 et
982 3810 1194 3895 sequentibus

159 3896 340 3983 Hegesippi
354 3895 456 3960 verbis
470 3895 575 3980 magis
590 3916 765 3982 congruere
780 3894 859 3959 mihi
872 3894 1040 3958 videretur.
1076 3895 1191 3984 Subji-

157 3983 203 4048 cit
216 3981 299 4047 enim
317 3982 462 4067 Hegesip
486 4002 534 4058 ue,
549 3981 604 4043 irai
617 3981 725 4044 πολλοὶ
736 3981 787 4062 μὲν
808 3977 939 4043 'littorias
951 3984 1109 4060 ἐκαλοῦντο,
1128 3982 1190 4046 dcc.

159 4070 244 4157 Quae
256 4067 352 4133 verba
366 4067 433 4131 sine
471 4065 548 4153 ubic
566 4067 744 4132 referuntur
758 4065 800 4130 ad
811 4087 848 4129 ea
862 4087 932 4151 quae
947 4081 1192 4150 praecesserunt,

158 4155 335 4238 ὄόνομαθεὶς
348 4154 397 4216 tri
412 4152 528 4215 orium
540 4151 652 4226 δίκαιος.
673 4151 790 4217 Reddit
804 4150 888 4216 enirn
903 4151 1057 4215 rationem
1072 4151 1190 4242 Hege-

159 4239 279 4326 sippus,
293 4260 352 4307 cur
365 4237 506 4306 Jacobus
521 4235 630 4324 justus
649 4237 691 4306 ab
710 4237 860 4306 omnibus
872 4236 1123 4324 cognominatus
1137 4238 1190 4316 ait.
