2716 4748
245 302 289 374 μ
510 284 785 377 usurp-urm
821 284 1029 355 sucum..

247 460 439 540 prediximus,
454 461 635 540 accipientes,
650 459 756 541 injuste
775 460 877 519 fecisse
897 461 996 518 dicunt
1006 483 1016 532 3
1039 457 1208 539 semetipsos
1226 478 1286 519 au-

247 575 317 635 tem,
334 566 457 641 (dicetur
477 569 554 626 enim
571 568 648 644 quod
664 587 763 625 verum
781 576 835 636 est,
854 567 921 626 licet
941 565 1089 624 ridiculum
1109 566 1284 644 quibusdam

247 688 310 728 csse
323 672 464 744 videatur)
479 692 516 730 ex
533 672 632 730 alienis
653 672 800 731 laboribus
819 674 930 749 insigne
947 679 1058 740 surum,
1072 682 1102 728 et
1114 680 1283 749 argentum,

248 785 278 835 et
299 788 494 845 aeramentum,
513 798 579 835 curn
599 779 784 858 inscriptione
804 788 835 835 et
854 778 979 854 imagine
999 778 1119 835 Caesaris
1142 778 1175 835 in
1197 779 1282 837 sonis

247 884 304 940 suis
318 883 453 951 ferentes,
463 883 542 962 juste
559 885 616 960 [se]
632 885 726 943 facere
739 884 847 942 dicunt.
1289 898 1308 949 5

288 989 319 1043 Si
339 997 437 1047 aretem
457 990 635 1068 comparatio
655 989 706 1048 fiat
727 998 826 1046 nostra
839 999 869 1046 et
882 987 996 1047 illorum
1006 1012 1015 1060 3
1038 988 1087 1066 qui
1102 985 1212 1067 justius
1226 1007 1281 1069 ap<

238 1092 388 1172 ¹parebunt
414 1095 561 1172 accepise?
587 1105 721 1152 utrumne
742 1093 864 1174 populus
888 1093 924 1152 ab
945 1093 1102 1172 AEgyptiis,
1124 1093 1175 1171 qui
1194 1102 1282 1151 erant

223 1241 228 1248 .
245 1216 297 1276 per
311 1199 408 1255 omnia
421 1199 582 1272 debitores,
605 1219 643 1256 an
656 1218 708 1257 nos
723 1219 743 1257 a
753 1198 904 1268 Romanis,
919 1206 949 1257 et
962 1198 1076 1276 reliquis
1090 1197 1237 1275 gentibus,
1249 1206 1282 1255 ct
1322 1187 1325 1191 ’

245 1322 264 1362 a
277 1304 379 1380 quibus
394 1303 466 1362 nihil
479 1304 536 1361 tale
549 1304 633 1362 nobis
647 1304 803 1362 debeatur?
829 1305 886 1361 Sed
898 1312 928 1361 et
940 1303 1061 1361 mundus
1075 1321 1177 1382 pacem
1187 1301 1280 1361 habet

245 1428 296 1487 per
317 1428 377 1478 eos,
402 1419 431 1466 et
454 1429 507 1467 nos
528 1411 590 1467 sine
610 1410 713 1468 timore
733 1411 764 1467 in
781 1411 835 1467 viis
855 1409 1043 1477 ambulamus,
1058 1419 1088 1465 ct
1108 1409 1279 1485 navigamus
1290 1419 1330 1471 10

224 1533 424 1591 „quocumque
442 1514 622 1572 voluerimus.
663 1516 804 1573 Adversus
826 1515 914 1592 igitur
934 1513 1098 1594 hujusmodi
1116 1512 1202 1592 aptus
1222 1513 1280 1571 erit

233 1638 338 1678 ¹sermo
352 1619 491 1678 Domini:
516 1622 691 1697 'Hypocritm
707 1622 814 1688 dicens,
831 1624 916 1678 suisne
931 1623 1023 1697 primo
1037 1619 1138 1677 trabem
1151 1620 1186 1676 de
1198 1619 1281 1677 onero

244 1733 301 1792 tuo,
317 1734 344 1782 et
355 1734 418 1783 tuuc
426 1729 572 1802 perspicies
589 1726 698 1803 aufem
709 1726 849 1802 festucam
867 1727 900 1782 de
917 1726 994 1783 oculo
1006 1725 1112 1802 fratris
1130 1727 1180 1782 tui.
1219 1722 1280 1805 Et·

243 1831 319 1887 enim
339 1831 363 1886 si
382 1831 405 1885 is
419 1831 468 1907 qui
487 1829 540 1886 tibi
558 1831 620 1886 haec
633 1832 767 1910 imputat,
781 1840 810 1888 et
824 1830 963 1907 gloriatur
976 1832 1006 1887 in
1020 1849 1072 1887 sua
1084 1829 1217 1897 scientia,
1231 1848 1279 1887 se·

241 1944 359 2014 paratus
372 1943 415 1991 est
425 1955 443 1992 a
453 1934 603 2012 gentilium
614 1944 702 2003 coetu,
711 1945 740 1992 ct
750 1934 823 1993 nihil
833 1948 877 1992 est
886 1935 1044 1994 alienorum
1055 1934 1327 2014 apudeum,sed15

242 2049 286 2097 est
299 2040 466 2120 simpliciter
478 2040 582 2108 nudus,
597 2050 627 2098 et
639 2041 721 2098 nudis
732 2039 861 2120 pedibus,
877 2049 905 2098 et
915 2041 976 2096 sine
987 2040 1073 2097 domo
1083 2041 1114 2096 in
1127 2038 1278 2098 montibus

241 2154 436 2214 conversatur,
452 2145 688 2223 quemadmodum
702 2146 818 2224 aliquod
831 2167 867 2204 ex
879 2147 924 2204 his
938 2145 1119 2214 animalibus,
1130 2165 1194 2222 qum
1207 2146 1276 2204 her-

240 2249 285 2308 bis
299 2261 452 2310 vescuntur
460 2278 469 2324 5
489 2253 602 2310 reniam
614 2252 779 2320 merebitur,
794 2253 858 2309 ideo
871 2251 948 2328 quod
962 2253 1076 2328 ignoret
1087 2251 1276 2308 necessitates

212 2335 217 2348 ⁸
239 2366 346 2415 nostre
366 2359 599 2416 conversationis.
641 2358 672 2414 Si
692 2366 787 2414 autem
809 2356 845 2415 ab
865 2357 1031 2414 hominibus
1053 2375 1116 2433 quae
1137 2357 1276 2413 dicuntur

239 2461 332 2519 alicua
354 2482 424 2533 esse,
445 2464 642 2542 participatur,
662 2472 691 2520 et
711 2463 806 2538 arguit
826 2471 926 2539 typum
947 2480 1063 2532 eorum;
1087 2462 1325 2539 semetipsumw

238 2566 458 2646 injustissimum
471 2568 607 2636 ostendit,
622 2577 788 2644 retorquens
804 2567 835 2623 in
849 2586 880 2623 se
894 2565 1033 2645 ejusmodi
1047 2566 1274 2624 accusationem.

238 2671 404 2730 Invenietur
422 2675 498 2730 enim
517 2673 613 2729 aliena
632 2673 842 2739 circumferens,
857 2681 886 2728 et
904 2692 939 2729 ea
958 2691 1021 2748 quae
1039 2670 1100 2752 ejus
1116 2691 1177 2729 non
1191 2682 1274 2740 sunt,

237 2778 452 2854 concupiscens,
469 2786 500 2832 et
520 2786 636 2854 propter
656 2778 712 2833 hoc
733 2778 838 2834 dixisse
857 2777 1032 2834 Dominum:
1056 2773 1174 2837 kNolite
1189 2775 1273 2850 judi-

237 2890 309 2947 care,
323 2900 357 2937 ue
363 2879 524 2953 judicemini
534 2907 544 2939 :
564 2885 593 2938 iu
606 2901 657 2957 quo
671 2885 742 2939 euim
754 2881 860 2956 judicio
872 2880 1041 2955 judicabitis,
1051 2881 1226 2956 judicabitur
1239 2888 1274 2942 de

235 2987 316 3044 uobis.
358 2984 427 3042 Non
450 2987 548 3062 utique
569 2995 601 3042 ut
621 2996 770 3065 peccantes
791 3007 851 3045 non
872 2990 1068 3065 corripiamus,
1089 3007 1143 3045 nec
1168 2999 1201 3046 ut
1226 2991 1318 3050 his25

234 3112 299 3168 quae
313 3092 387 3149 male
401 3092 472 3148 fiunt
488 3093 716 3163 consentiamus;
740 3091 790 3148 sed
803 3101 835 3150 ut
850 3092 907 3149 Dei
920 3093 1122 3170 dispositiones
1141 3112 1202 3151 non
1219 3093 1271 3174 ju-

235 3198 360 3256 dicemus
387 3197 503 3276 injuste‚
527 3217 613 3274 quum
636 3197 684 3255 ille
710 3199 806 3257 omnia
826 3196 907 3276 juste
931 3199 1082 3276 profutura
1101 3199 1271 3278 providerit.

228 3304 382 3364 Quoniam
395 3305 471 3359 enim
482 3301 592 3360 sciebat
601 3322 654 3360 nos
665 3302 699 3359 de
710 3311 810 3360 nostra
819 3302 991 3370 substantia,
1003 3323 1088 3380 quam
1099 3303 1135 3361 ab
1146 3303 1206 3362 alio
1221 3324 1271 3362 ac·

232 3408 371 3485 ,cipientes
384 3408 564 3474 haberemus,
575 3407 649 3464 bene
659 3416 790 3466 acturos:
814 3405 886 3472 ¹Qui
898 3411 970 3464 euim
984 3408 1071 3475 babet,
1082 3408 1187 3484 inquit,
1200 3412 1272 3469 duas

234 3516 347 3592 tunicas,
362 3514 407 3568 det
422 3516 446 3569 ei
464 3516 510 3587 qui
527 3532 580 3569 nou
598 3514 696 3570 babet:
716 3521 744 3570 et
762 3516 808 3588 qui
829 3513 907 3570 babet
919 3532 1016 3581 means,
1030 3514 1321 3591 similiterfuciot.3e

232 3615 282 3684 Et,
297 3619 436 3674 mlisurioi
449 3621 530 3685 euim,
547 3625 575 3674 et
592 3619 701 3674 dedistis
720 3617 788 3674 mibi
807 3621 972 3675 manducare
983 3644 993 3676 .·
1013 3627 1041 3677 et
1060 3621 1150 3677 nudus
1161 3620 1229 3697 fui,
1241 3630 1271 3679 et

230 3721 406 3780 rectissume.
440 3722 490 3790 Et,
505 3729 518 3756 ¹¹
528 3722 699 3799 Quuursacis
711 3725 932 3791 misericordium,
946 3743 999 3780 uon
1010 3727 1080 3781 sciat
1090 3727 1206 3782 siuistm
1220 3734 1271 3785 tuo

231 3829 297 3904 quid
302 3827 399 3903 faciat
412 3830 508 3884 deutra
523 3836 591 3896 tua,
612 3836 641 3883 et
654 3826 763 3903 reliqua
776 3847 960 3904 quecumque
972 3828 1184 3888 benefacientes
1199 3829 1268 3909 jus·

230 3932 381 3999 tilicumur,
395 3930 473 3988 velut
490 3932 525 3988 de
543 3932 644 3988 alienis
663 3942 762 3988 nostra
782 3934 973 3994 redimentes:
996 3935 1032 3991 de
1049 3934 1150 3992 alicnis
1168 3946 1269 3997 ornem

308 4131 513 4184 1Massurius.
583 4166 589 4178 .
696 4135 852 4185 kIbidis.
983 4136 1165 4191 ¹Luc.iii.1r.

308 4228 326 4258 θ’
338 4224 427 4275 Metth.
439 4238 495 4274 xxv.
508 4234 549 4284 ³⁵,
559 4231 599 4274 36.
695 4227 708 4256 ¹¹
723 4225 787 4277 ibid.
798 4228 829 4275 vi.
839 4235 867 4278 ³.
