2716 4748
247 278 290 343 60
582 271 941 339 ANNOTATIONES

247 447 356 513 Lacte.
384 445 445 510 Per
464 443 514 508 lac
535 440 687 530 intelligit
708 443 803 509 verba
824 441 1003 523 Catholica,
1026 442 1143 530 quibus
1163 442 1284 512 erroris

246 552 388 620 gypsum
403 528 580 595 miscebant
600 529 752 594 haeretici.
789 531 940 618 Gypsum
959 528 1044 593 enim
1064 550 1203 615 praesens
1222 554 1281 595 ve-

191 626 194 633 '
245 639 366 683 uenum
381 616 498 681 habere
510 615 606 681 docet
625 615 744 680 Plinius
762 615 820 680 lib.
835 616 938 680 xxxvi.
956 636 1026 701 cap.
1042 626 1091 680 24.
1136 615 1284 704 Conjicit

246 698 387 768 Grabius
412 701 494 767 hanc
520 701 708 766 sententiam
732 700 774 765 ad
797 701 975 788 marginem
1000 723 1020 765 a
1042 701 1193 788 quopiam
1221 701 1282 766 ad-

243 789 408 875 scriptam,
424 788 456 852 in
470 799 594 853 textum
614 786 690 852 inde
708 785 879 873 irrepsisse.
904 804 907 809 ·
923 786 989 852 Sed
1002 783 1086 852 forte
1099 787 1168 873 ipsa
1182 787 1282 852 verba

244 887 322 941 sunt
335 874 402 938 anti
425 873 459 937 ui
473 872 570 952 illius,
584 895 682 960 quem
702 872 801 941 tacito
823 873 953 940 nomine
974 893 1059 960 saepe
1073 871 1193 960 allegat
1208 877 1280 942 Ire·

244 981 345 1027 naeus.
420 979 576 1025 assuas.
590 959 633 1024 ad
646 960 728 1027 Iren.

730 1147 793 1211 111.

284 1282 321 1347 Ρ.
332 1294 382 1348 42.
400 1281 423 1346 l.
436 1297 486 1346 21.
507 1287 664 1365 tuentem
681 1282 762 1366 ἡμῶν]
783 1282 866 1370 Quis
881 1283 923 1346 sit
938 1281 992 1346 ille
1010 1281 1159 1370 antiquus
1174 1281 1280 1370 scrip·

1004 1367 1198 1455 deprehendi
1212 1391 1281 1434 non

240 1379 303 1448 tor,
317 1390 415 1454 quem
435 1389 519 1454 saepe
540 1366 652 1433 laudat
666 1369 818 1449 irenaeus,
835 1368 990 1434 hactenus

239 1455 359 1540 potuit.
390 1453 677 1520 Mnssuar.ihid.

730 1643 788 1708 ιν.

282 1762 319 1827 Ρ.
331 1773 381 1826 43.
396 1760 419 1825 l.
434 1775 460 1823 1.
477 1762 610 1848 Propter
625 1759 702 1845 hoc]
718 1760 763 1824 H.
776 1781 804 1822 e.
820 1771 986 1845 propterea
998 1756 1086 1847 quod
1099 1757 1192 1847 Deus
1206 1762 1277 1849 pri-

239 1868 332 1912 mum
347 1844 516 1910 hominum
529 1859 695 1931 parentem
732 1865 767 1908 er
782 1844 949 1909 Christum
964 1858 1083 1910 aeterna
1097 1846 1278 1914 donaturus

124 1970 128 1985 ι
237 1943 307 1998 erat
321 1931 432 1997 salute.
456 1931 581 1995 Interea
594 1931 695 1995 Feuar
719 1930 825 1995 entius
836 1931 891 2009 ait,
901 1931 1133 1997 Tertullianum
1148 1933 1232 1999 libro
1240 1934 1277 1998 ii.

222 2018 385 2083 'adversus
399 2016 602 2080 Marcionem
623 2021 663 2100 (c.
679 2011 742 2098 25.)
761 2016 847 2081 hunc
864 2017 978 2081 Irenaei
996 2017 1104 2082 locuni
1121 2017 1171 2082 his
1192 2039 1277 2105 pau·

137 2098 144 2107 ’
237 2104 284 2168 cis
298 2101 496 2168 contrahere.
541 2102 628 2166 Deus
650 2100 716 2166 ideo
737 2125 797 2167 non
818 2100 983 2165 maledicit
1004 2102 1106 2188 ipsum
1119 2104 1224 2168 Adam
1243 2117 1277 2170 ct

235 2190 353 2268 Evam,
367 2200 403 2253 at
423 2185 627 2253 restitutionis
641 2186 831 2266 candidatos,
846 2197 882 2251 at
906 2186 1093 2274 confessione
1111 2189 1276 2271 relevatos,

236 2275 317 2339 sicat
339 2272 503 2339 maledicit
525 2273 670 2358 serpenti,
686 2276 772 2360 cajus
791 2272 877 2338 scius
896 2272 1014 2337 omnino
1029 2273 1191 2360 deplorata
1203 2286 1276 2342 erut

237 2362 299 2425 &a
637 2405 638 2409 =

281 2445 365 2510 Ibid.
379 2445 403 2509 l.
414 2460 444 2508 2.
459 2445 514 2509 sed
534 2456 650 2510 tertam
665 2445 698 2510 t'tt
710 2445 847 2532 operibus
857 2445 937 2531 ejus]
952 2445 1056 2510 LXX.
1071 2448 1276 2536 ἓπικατᾶρατος

233 2540 250 2611 ἦ
265 2538 303 2620 γῆ
317 2535 344 2594 ἐν
356 2535 412 2606 τοῖς
426 2530 515 2618 ἔργοις
529 2557 589 2595 σου.

278 2615 362 2682 Ibid.
375 2616 397 2681 l.
414 2630 444 2679 3.
466 2618 617 2714 quoniam
633 2615 841 2703 quidem-in
855 2617 1012 2700 homine]
1031 2618 1148 2683 isthaec
1162 2618 1275 2705 potius

232 2701 385 2789 perioche
407 2700 488 2765 mihi
510 2701 641 2799 quidem
665 2701 829 2766 continere
850 2702 974 2767 videtur
998 2723 1071 2767 vera
1091 2711 1128 2768 τῦ
1149 2705 1274 2804 ἀςχαίου

156 2846 160 2855 ,
231 2788 346 2866 verba,
366 2806 505 2871 namque
519 2786 598 2850 1llud
614 2786 759 2872 quonium
779 2787 866 2875 apud
887 2799 1024 2853 veterem
1043 2789 1157 2855 Irenaei
1171 2802 1275 2856 mter-

231 2888 356 2960 pretem
367 2892 429 2959 pro
442 2871 530 2958 qudd
543 2871 622 2958 poni
635 2871 727 2936 solet.

729 3064 771 3127 V.

275 3178 358 3247 Ibid.
373 3178 395 3243 l.
409 3192 439 3244 8.
460 3177 745 3267 Quemadmodum
763 3178 868 3244 audivi
883 3179 957 3264 δια]
977 3181 1060 3245 Sunt
1073 3182 1167 3244 bonae
1182 3181 1272 3268 frugi

174 3326 177 3333 .
230 3266 302 3332 haec
317 3266 416 3344 dicta,
425 3264 489 3329 sire
502 3266 543 3329 ab
555 3288 611 3329 ore
626 3264 773 3351 alicujus,
786 3265 848 3329 sive
861 3287 879 3328 a
891 3267 1010 3351 scripto
1025 3267 1105 3354 ejus,
1118 3282 1253 3352 accepta
1260 3293 1271 3346 ;

230 3373 304 3439 quae
325 3351 385 3415 etsi
407 3373 472 3416 non
489 3351 598 3416 omnia
612 3350 714 3415 verbis
734 3350 811 3436 ipsis
833 3350 972 3415 Senioris
987 3374 1144 3437 expressa,
1159 3365 1271 3418 tamen

231 3436 330 3524 hujus
351 3437 530 3523 presbyteri
549 3438 658 3515 fuisse,
673 3457 775 3522 usque
790 3437 870 3500 deun
883 3438 1003 3500 veneris
1019 3438 1062 3502 ad
1082 3437 1172 3502 Pauli
1187 3458 1270 3523 apo-

230 3521 307 3588 stoli
327 3521 422 3586 verba
443 3523 475 3586 in
494 3522 593 3608 priori
614 3521 862 3607 adCorinthios
883 3522 1029 3607 epistola,
1046 3522 1270 3610 colligendum

230 3607 366 3685 videtur,
380 3628 455 3672 cum
478 3629 518 3672 ex
536 3621 696 3672 structura
715 3607 878 3687 orationis,
894 3631 967 3694 quae
987 3630 1007 3672 a
1023 3608 1143 3674 directa
1160 3609 1271 3674 forma

230 3695 265 3759 in
278 3692 412 3756 modum
426 3692 587 3756 infinitum
602 3692 738 3757 subinde
752 3705 906 3772 mutatur,
922 3705 993 3758 tum
1013 3716 1086 3758 vero
1106 3716 1146 3758 ex
1162 3695 1270 3759 verbis

229 3778 305 3858 illis,
320 3777 400 3842 simet
421 3777 504 3842 dicit
518 3777 613 3842 Prest
637 3789 694 3858 ter,
710 3782 743 3843 e't
762 3777 865 3865 inquit
886 3777 942 3842 itte
962 3779 1081 3857 Senior,
1093 3791 1207 3867 postea
1225 3780 1270 3846 ad

229 3865 287 3931 lin.
304 3880 351 3942 19.
365 3884 441 3949 pag.
453 3875 503 3927 45.
517 3877 550 3928 et
563 3863 604 3928 ad
612 3802 672 3928 iin.
686 3877 733 3940 17.
749 3885 824 3950 pag.
836 3871 885 3928 46.
901 3863 1039 3928 insertis.

274 3948 458 4014 Ibid.l.10.
478 3950 519 4014 ab
536 3971 601 4014 H1s
619 3971 687 4015 om
707 3951 970 4033 momentus]
984 3950 1267 4016 DodwellusDis-

229 4045 303 4099 sert.
316 4036 343 4098 Ι.
361 4034 393 4096 in
408 4034 561 4099 Irenaeum
578 4039 607 4118 ξ.
621 4049 649 4099 8.
664 4058 697 4123 p.
712 4051 758 4100 11.
779 4041 802 4074 “
812 4034 985 4099 Posteriori
997 4036 1055 4100 illo
1070 4035 1265 4102 discentium

228 4127 252 4162 “
267 4118 397 4185 nomine
418 4120 508 4199 illos!
520 4134 558 4186 ut
578 4121 739 4202 existim0,
760 4121 988 4207 complectitur
1008 4121 1143 4186 Domini
1165 4121 1266 4186 disci-

228 4211 252 4248 “
265 4205 372 4293 pulos,
385 4205 564 4294 quitamen
583 4228 650 4273 non
662 4207 781 4277 fuerint
794 4206 958 4298 Apostoli,
973 4207 1084 4294 quales
1098 4221 1189 4275 erant
1200 4208 1268 4287 ,Pa-
