2716 4748
287 273 340 338 ru
360 271 630 337 Amsrouuu
654 224 909 338 autumnus
1050 292 1109 358 103

18 452 22 456 ’
72 449 178 503 tomen
191 447 227 502 ut
242 439 416 538 quicunque
429 464 469 505 eu
486 440 571 506 Celso
590 450 774 528 arroganter
788 438 1007 505 declamitante
1022 440 1111 504 uudit

69 521 200 609 Popisci
211 534 243 603 et
257 526 381 589 Jusonts
396 525 434 589 de
450 525 571 589 Cirristo
585 525 807 590 contentionem
821 548 881 590 non
895 525 961 588 risu
975 526 1029 588 sed
1043 524 1111 588 odio

66 607 174 691 potitos
194 606 229 672 di
251 632 326 679 num
350 631 424 689 esse,
452 607 592 674 libellum
613 609 694 673 lunc
715 609 749 672 iu
772 632 883 673 munus
904 620 1035 674 sumeret
1045 635 1057 686 ,·
1079 621 1109 673 et

71 713 147 788 quoe
161 691 221 756 ini
284 693 459 759 scribuntur
478 693 579 782 legere
597 693 761 759 sustineret
770 719 783 772 ,·
805 694 832 757 is
856 715 951 790 quum
974 693 1055 757 nihil
1078 694 1112 758 in

70 775 127 839 ello
143 775 257 864 scripto
272 776 423 850 investiret
437 777 505 842 odio
520 778 661 865 dignum,
679 777 803 842 Celsum
817 788 924 864 utrque
937 779 1110 842 damnaret.

71 860 111 924 N
142 882 181 926 ue
204 861 301 928 etium
321 862 373 927 itti
396 863 494 926 risum
517 863 659 940 movebit,
683 863 738 948 qui
762 862 855 926 libero
872 863 995 947 judicio
1018 860 1111 926 iilum

70 967 122 1009 eoo
137 945 228 1010 uerit.
271 946 321 1012 Ibi
338 946 420 1012 enim
439 946 634 1012 Christianus
652 947 712 1010 &c
755 946 911 1011 Attamen
933 969 973 1011 ex
995 947 1113 1033 Orige-

71 1029 119 1094 nis
143 1029 297 1118 Celeique
317 1031 420 1096 verbis
442 1044 528 1096 recte
550 1033 685 1096 fortasse
706 1030 741 1094 id
762 1030 909 1117 colligas,
924 1031 1054 1110 librum,
1070 1031 1111 1095 de

70 1135 138 1200 quo
151 1115 273 1201 agitur,
288 1116 443 1180 nonnulla
456 1115 654 1202 praestitisse,
665 1138 738 1202 quae
752 1115 864 1180 usibus
877 1116 1110 1202 simpliciorum

72 1196 176 1284 magis
202 1221 301 1286 quam
328 1190 573 1286 puidentiorum
599 1201 794 1280 inservirent,
816 1201 877 1264 etsi
902 1222 1111 1286 personarum

71 1282 325 1352 convenientiam
346 1285 482 1371 pulchre
503 1307 541 1348 ac
563 1297 690 1349 strenue
712 1297 922 1362 conservaret,
942 1298 1012 1350 tum
1035 1306 1111 1350 vero

72 1365 164 1431 illum
178 1389 240 1454 pro
253 1367 362 1433 indole
376 1369 487 1434 saeculi
502 1368 535 1432 in
550 1368 712 1454 allegoriis
727 1369 868 1433 multum
882 1369 992 1434 fuisse.

114 1452 149 1515 P.
161 1466 213 1530 9³.
228 1453 251 1516 l.
264 1469 292 1516 1.
316 1453 430 1518 Celsus
445 1453 590 1539 quidam]
606 1453 702 1518 Periit
713 1451 796 1518 eheu
811 1453 941 1518 laudata
956 1454 1112 1519 hactenus

71 1534 120 1599 dis
143 1536 248 1601 utatio
260 1537 374 1602 Graece
389 1539 449 1602 scri
474 1550 524 1615 ta3
541 1559 600 1602 nec
615 1549 775 1622 superstes
790 1551 839 1603 cst
853 1539 969 1603 Latina
979 1539 1081 1603 versio
1093 1561 1113 1601 a

73 1557 171 1685 Celso
201 1621 374 1700 elaborata,
402 1645 417 1686 s
486 1622 556 1686 sola
579 1622 649 1708 ejus
673 1622 820 1708 praefatio
846 1623 928 1686 inter
956 1606 1111 1713 Cypriani
1163 1672 1169 1683 ,

71 1724 169 1789 opera
184 1703 343 1771 habetur:
372 1705 450 1792 Quis
473 1705 613 1792 qualisve
636 1706 741 1770 Celsus
764 1705 819 1770 ille
831 1707 937 1793 scierit
958 1729 1019 1771 reon
1041 1729 1112 1770 con-

70 1799 146 1867 stat,
160 1790 207 1853 ait
222 1788 428 1855 doctissimus
443 1792 488 1855 D.
505 1790 622 1855 Cavius
637 1811 670 1874 p.
683 1804 735 1854 34.
759 1792 913 1856 Historiae
936 1791 1110 1856 literariae.

120 1872 230 1939 uidem
253 1874 388 1940 Celsum
412 1875 586 1938 iconiensis
608 1875 762 1940 Ecclesiae
784 1875 954 1961 praesulem
978 1877 1051 1940 Sec.
1066 1876 1112 1940 iii.

69 1957 101 2020 A
114 1956 254 2022 exander
284 1960 464 2046 Episcopus
500 1959 816 2045 Hierosolymitanus
845 1972 878 2025 et
905 1960 1113 2025 Theoctistus

72 2038 278 2107 Caesariensis
304 2043 337 2107 in
366 2042 512 2129 Epistola
540 2043 580 2106 ad
609 2044 815 2108 Demetrium
843 2045 1110 2125 Alexandrinum,

69 2125 244 2192 laudarunt
256 2128 344 2213 apud
359 2128 535 2194 Eusebium
549 2127 606 2191 lib.
616 2128 656 2192 vi.
674 2129 761 2193 Hist.
776 2130 865 2194 Eccl.
879 2151 949 2215 cap.
965 2146 1012 2208 19.
1046 2128 1111 2194 Sed

69 2231 110 2277 an
131 2210 157 2276 is
178 2210 353 2292 metuerit,
367 2213 526 2277 incertum
542 2225 610 2277 est:
634 2227 758 2278 certum
780 2228 900 2292 autem,
916 2215 1004 2300 quod
1025 2215 1112 2279 circu

68 2293 183 2359 eadem
205 2308 352 2382 tempora
370 2297 492 2374 vixerit,
508 2297 668 2383 siquidem
687 2321 726 2363 eu
743 2298 892 2382 plurimis
911 2298 1112 2384 praefationis

70 2377 146 2443 locis
167 2378 277 2466 liquet,
294 2403 364 2446 eum
384 2381 558 2470 vigentibus
580 2381 679 2446 adhuc
697 2383 942 2468 persecutionum
965 2383 1111 2467 tempori*

69 2462 138 2543 tris,
153 2474 185 2528 et
200 2475 273 2529 orate
287 2477 458 2551 susceptam
473 2467 511 2530 nd
528 2467 768 2551 imperatoribus
777 2465 881 2552 fidem
898 2468 1111 2534 Christianum

68 2548 131 2611 seri
152 2548 238 2628 sisse,
252 2542 325 2636 quie
346 2552 391 2616 D.
409 2551 499 2615 Cavii
521 2551 594 2615 loco
616 2553 716 2616 citato
738 2565 814 2616 sunt
834 2552 938 2616 verba.
982 2552 1112 2640 Quibus

67 2633 111 2699 ad
133 2655 157 2697 ο
174 2632 332 2698 Christum
352 2656 372 2699 a
394 2635 492 2700 Celso
512 2635 665 2719 Spiritum
681 2637 836 2700 'Sanctum
853 2636 988 2716 dictum,
1002 2634 1113 2722 phrasi

66 2716 182 2804 primis
197 2717 329 2818 quidem
344 2720 460 2784 seculis
476 2736 638 2805 usurpata,
653 2722 710 2786 sed
723 2734 799 2806 post
812 2722 955 2799 tertium,
970 2733 1002 2785 et
1015 2738 1111 2786 exor-

66 2814 137 2867 tam
152 2801 224 2866 Aru
238 2802 371 2868 haeresin
387 2805 437 2868 vix
452 2804 571 2868 audita.
602 2807 792 2871 Gnarnus.
836 2808 915 2870 Non
929 2807 1110 2892 oportuisse

66 2887 103 2950 iu
118 2886 250 2951 homine
266 2889 383 2952 Graeco
397 2888 602 2974 interpretem
624 2891 775 2954 Latinum
790 2891 901 2975 quaeri,
916 2891 999 2955 bene
1016 2904 1111 2972 notat

68 2971 261 3036 Gallandius
274 2972 308 3037 in
323 2971 473 3059 Prolcgg.
489 2973 621 3037 tomis.
638 2973 841 3038 Bibliothecae
853 2978 921 3040 PP.
936 2997 968 3060 p.
981 2975 1043 3040 xix.
1077 2974 1110 3040 Is

66 3055 156 3120 enirn
170 3055 259 3120 Celsi
267 3056 496 3142 Proefotionem
509 3057 543 3121 in
553 3056 747 3123 Bibliotheca
762 3082 819 3123 sua
833 3059 1036 3145 repetendam
1051 3078 1110 3127 cu·

66 3141 172 3219 ravit3
194 3139 420 3240 Vigiliumque
440 3142 641 3229 episcopum,
664 3142 705 3206 ad
726 3165 822 3229 quem
845 3144 961 3208 Celsus
983 3144 1110 3229 scripsit

65 3247 163 3310 opus,
174 3225 333 3310 vigilium
346 3226 557 3312 Tapsitanum
572 3227 760 3312 episcopum
775 3229 874 3292 fuisse
888 3227 1038 3326 conjecit,
1053 3220 1111 3314 qui

65 3322 221 3395 vergente
231 3308 273 3373 ad
285 3310 379 3374 linem
396 3311 516 3375 saeculo
529 3311 934 3412 quint0,saevientibuspue
948 3335 980 3376 1n
996 3313 1109 3376 ortho-

64 3393 171 3458 doxos
192 3393 335 3472 Arianis,
356 3394 442 3458 vixit.
493 3395 592 3482 Quod
612 3396 639 3459 si
659 3418 766 3459 verum
791 3409 850 3476 est,
875 3409 970 3461 istam
992 3396 1106 3482 praefa-

64 3478 192 3542 tionem
204 3479 362 3543 recentior
376 3480 476 3565 ipsius
489 3495 566 3543 aetas
581 3479 663 3543 intra
675 3481 815 3545 instituti
826 3482 932 3567 operis
946 3482 1010 3546 mei
1024 3482 1111 3545 limis

64 3577 117 3627 tes
130 3562 284 3627 concludi
298 3563 385 3627 haud
400 3565 537 3649 patitur3
554 3564 677 3643 adhaec,
695 3565 787 3628 facile
801 3566 932 3630 obvium
946 3578 996 3630 est
1010 3562 1108 3652 opus·

64 3647 180 3713 culum
195 3649 228 3711 in
244 3646 279 3712 S.
298 3648 325 3711 C
342 3647 449 3732 priuni
461 3647 656 3713 editionibus
671 3649 830 3736 plerisque
844 3651 1000 3736 positum.
1066 3716 1069 3721 ,
1161 3725 1163 3732 Ι

112 3731 197 3796 Ibid.
212 3731 234 3795 l.
247 3745 277 3795 3.
301 3670 388 3797 Iliud
411 3732 601 3818 praeclatum
624 3734 699 3818 &c.]
724 3737 850 3798 Locum
872 3735 917 3798 ait
938 3734 1108 3815 Pamelius,

67 3813 224 3902 Cypriani
241 3815 359 3896 editor,
374 3818 525 3883 mutilum
546 3817 654 3881 videri.
698 3819 850 3904 Amplius
865 3819 1108 3884 deliberandum

63 3915 175 3988 put03
200 3901 355 3988 quoniam
377 3916 490 3967 auctor
515 3902 650 3966 fortasse
670 3903 770 3967 voluit
789 3903 952 3968 subaudiri
974 3905 1108 3969 anobis

63 3987 201 4052 verbum
206 3985 314 4073 fuisse
328 4009 402 4052 cum
418 4000 554 4074 utraque
568 4009 646 4052 voce
661 3986 814 4052 mollitum
830 4001 861 4054 et
876 3988 1042 4054 uictricem.

564 4253 622 4305 1³4
