2716 4748
150 285 240 361 uia
525 286 840 365 PnAEusrlo.

152 477 176 513 “
192 468 277 544 latis
288 469 622 568 deprehendissem,
634 475 812 572 postulavi
824 474 871 547 ab
881 499 926 548 eo
935 495 1003 574 per
1012 474 1149 568 literas,
1156 488 1204 551 ut

153 597 180 639 “
194 595 311 670 varias
323 595 401 692 ejus
414 595 552 671 codicis
569 599 743 671 lectiones
758 599 958 696 (integrum
972 599 1074 672 enim
1091 601 1139 672 ab
1148 624 1206 672 eo

116 763 125 768 -
153 722 177 760 “
195 718 370 792 collatum
391 744 470 793 esse
485 720 760 818 existimabam)
779 720 827 794 ad
845 747 905 795 me
920 723 1204 798 transmitteret.

152 848 176 884 “
193 839 264 917 Ille
280 868 366 914 vero
382 843 547 916 codicem
565 843 716 940 quidem
732 844 856 942 ipsum
879 845 920 918 in
941 846 1070 919 charta
1086 847 1203 946 serip-

153 971 177 1007 “
195 975 277 1039 turn
294 965 530 1064 bombycina,
548 966 782 1040 bibliothece
800 967 1006 1042 Oxoniensi
1024 994 1049 1041 s
1061 966 1205 1043 Stellio

152 1096 175 1130 “
194 1088 372 1162 donatum
390 1087 502 1162 fuisso
519 1090 612 1164 mihi
629 1091 826 1190 rescripsit.
863 1093 1051 1166 Ceterum
1068 1092 1204 1166 editio-¹

153 1218 177 1252 “
196 1236 283 1284 nem
302 1210 456 1284 Roberti
473 1211 652 1310 Stephani
671 1214 794 1286 statim
810 1213 857 1288 ad
874 1240 935 1288 me
951 1214 1065 1304 misit,
1078 1215 1119 1288 in
1135 1238 1203 1288 cu·
1242 1240 1247 1250 ·

154 1341 179 1377 “
190 1333 253 1429 jus
265 1333 434 1432 ¹margine
446 1335 603 1408 Savilius
616 1336 891 1410 emendationes
903 1362 952 1410 ex
967 1363 1034 1411 suo
1046 1337 1112 1410 illo
1122 1361 1204 1412 mv

152 1465 178 1500 “
195 1457 384 1556 nuscripto
401 1457 527 1532 codice
544 1462 778 1568 depromptas
791 1459 1039 1534 adnotaverat.
1072 1461 1203 1543 Quan-

153 1588 274 1655 “tum
306 1593 430 1655 tamen
460 1581 640 1678 conjicere
669 1582 786 1680 potui,
817 1609 893 1656 non
917 1608 1048 1657 omnes
1072 1584 1203 1682 scripti

153 1711 178 1748 “
194 1704 332 1778 codicis
357 1703 531 1778 lectiones
549 1704 595 1777 ad
613 1706 708 1776 latus
724 1704 899 1778 editionis
915 1705 1015 1778 illius
1029 1707 1204 1805 apposuit

153 1835 177 1873 ‘⁴
194 1826 366 1917 savinus,
377 1825 440 1900 sed
453 1853 513 1899 cas
526 1838 673 1901 tantum
685 1853 776 1924 ques
791 1829 905 1903 boues
919 1842 1109 1925 certasque
1121 1853 1203 1903 esse

152 1958 178 1995 “
195 1950 441 2024 existimabat.
473 1949 654 2032 Quasdam
671 1949 773 2022 enim
791 1950 966 2053 lectiones
982 1952 1030 2023 ab
1049 1951 1202 2026 Usserio

153 2081 177 2117 “
196 2071 217 2146 'e
235 2073 372 2172 scripto
396 2073 460 2146 illo
486 2072 611 2144 codice
637 2073 884 2171 proferuntur,
902 2099 994 2171 quas
1017 2098 1042 2148 t
1065 2075 1204 2148 Savilio

153 2204 176 2241 ‘⁶
195 2196 457 2297 proetermissns
480 2220 559 2268 esse
580 2209 706 2294 postca
729 2195 969 2294 deprehendi.
1019 2197 1202 2271 Praetereo

154 2330 178 2365 ‘⁶
192 2322 292 2395 idem
317 2319 474 2394 Sarilius
491 2319 538 2393 ad
555 2343 656 2392 oram
675 2319 773 2393 illius
790 2319 961 2393 editionis
984 2321 1121 2394 multas
1136 2322 1203 2397 ad-

153 2453 177 2490 “
195 2443 633 2544 scripsitemendationes
650 2469 696 2516 ex
714 2443 841 2517 codice
857 2444 1015 2517 Joannis
1032 2445 1203 2519 Christo-

153 2578 177 2613 “
194 2564 385 2669 phorecni,
414 2592 526 2664 quem
559 2567 698 2640 seilicet
729 2567 1086 2665 Christophorsonus
1112 2592 1200 2643 cum

152 2692 336 2788 “aliquot
369 2688 628 2787 manuscriptis
659 2689 929 2786 exemplaribus
962 2692 1200 2772 contulerst'’

154 2815 249 2888 Haee
265 2813 322 2886 vir
338 2813 630 2897 eruditissimum
649 2812 872 2909 quibuscum
888 2814 998 2887 velim
1017 2813 1201 2904 utconfe·
1245 2846 1250 2856 ·

153 2949 282 3011 rantur
304 2934 468 3036 epistolae
491 2935 580 3034 ipsae
602 2935 794 3008 amoebaeae
816 2938 890 3009 huc
911 2937 1138 3034 pertinentes
1159 2937 1200 3010 in

153 3060 298 3160 egregia
325 3084 412 3133 sane
441 3058 695 3157 Epistoloruns
726 3059 878 3158 Sylloge
903 3085 925 3130 a
953 3054 1039 3132 viiie
1068 3059 1200 3149 doctis,
1261 3143 1262 3147 Ἴ

154 3183 218 3258 sed
248 3183 411 3257 maxime
438 3182 674 3269 nostratibus,
698 3181 743 3255 ad
771 3179 964 3254 Usserium
991 3181 1200 3272 missarum,

153 3303 318 3381 londini
350 3328 450 3379 anno
488 3302 594 3378 16⁸6.
628 3304 728 3402 typis
769 3304 1042 3402 impressorum.
1100 3304 1200 3404 Epp.

154 3445 310 3504 ccxcw.
327 3439 366 3500 et
382 3446 521 3502 ccxcv.
572 3423 626 3498 Et
644 3451 765 3516 nemo,
782 3427 925 3524 opinor,
945 3427 985 3498 in
1003 3426 1147 3499 incerto
1162 3428 1199 3501 id

58 3575 67 3590 ⁸
155 3552 269 3626 situm
288 3574 366 3623 esse
383 3546 579 3646 judicabit,
598 3561 722 3622 utrum
740 3549 802 3621 hic
818 3546 911 3623 liber
928 3534 1200 3648 manuscriptus

155 3674 359 3749 savilianus
390 3672 431 3746 in
460 3668 680 3762 Oxoniensi,
706 3671 786 3744 haec
814 3683 872 3743 est
899 3670 1115 3762 Bodleiano,
1143 3672 1202 3744 bi=

156 3794 340 3871 bliothece
364 3819 466 3870 nunc
491 3793 668 3894 temporit
690 3807 865 3884 serretur,
889 3786 1012 3866 modo.
1026 3794 1201 3887 rescierit,

155 3942 284 3996 omnes
307 3915 484 3993 lectiones
498 3914 545 3992 ab
563 3917 715 3992 Usserio
731 3917 1006 4016 archiepiscopo
1021 3915 1068 3989 ad
1086 3914 1202 4016 Poly-

156 4042 259 4144 carpi
275 4043 504 4142 Martyrium
527 4063 575 4115 ex
598 4039 761 4114 Eusebio
783 4039 968 4113 Saviliano
983 4039 1142 4138 prolatas
1160 4040 1200 4112 in

156 4169 268 4243 unico
289 4164 494 4242 Bodleiano
519 4163 683 4239 historie
706 4162 927 4239 Eusebienae
949 4161 1076 4237 codice
1094 4183 1202 4262 repe·
