2716 4748
311 292 363 360 ru
390 291 535 359 runo
564 287 859 355 nnsounurs.
1057 304 1099 375 3⁵

66 482 169 551 nuper
184 464 342 533 revocarit
356 462 530 540 strothius,
540 460 738 531 finientibus
754 459 925 546 Niceplow
941 459 1100 546 Norsolci·

65 551 194 638 orsique
214 548 349 636 scrip203
371 571 475 636 neque
497 549 620 613 diversa
637 561 724 613 extat
743 547 777 611 in
798 546 925 634 Pupieni
940 547 1045 632 operis
1060 546 1102 610 ti·

64 637 151 714 tu10,
165 649 222 701 aut
278 637 334 701 ulo
347 636 439 700 infra.

111 722 148 787 P.
165 736 213 787 13.
250 737 324 786 .15.
357 720 415 786 iiia
441 719 571 807 γράψας]
603 717 659 781 ὄντα
689 717 861 804 ἇνῖνγραψας
889 716 963 782 cod.
996 716 1099 783 Venet.

68 806 240 872 Srnorrs.
265 807 318 873 De
332 805 443 871 codice
457 807 520 869 hoc
532 806 658 870 Veneto
676 804 896 871 Praeiiitionem
908 803 978 871 vide
993 825 1100 867 meam

65 911 176 956 uersus
191 892 245 956 fin.
281 908 286 955 .’

65 1032 69 1037 .
111 977 196 1041 Ibid.
211 978 233 1041 l.
251 990 298 1053 17.
320 980 347 1040 iv
360 975 467 1059 αὐτοῖς]
489 981 515 1040 ὃν
529 973 618 1038 deest
631 974 664 1041 in
677 973 724 1039 od.
740 973 846 1061 Steplr.
868 975 1038 1040 Sruorrr.
1073 976 1101 1039 ἓν

68 1061 171 1136 τούτοις
187 1062 263 1127 MS.
277 1060 416 1148 Norfolc.

64 1188 67 1193 -
112 1148 147 1211 P.
162 1160 209 1211 14.
223 1147 246 1212 l.
258 1163 288 1210 2.
309 1146 521 1235 συνεγράψαντο]
541 1147 589 1209 Ex
610 1144 663 1209 ed.
681 1144 811 1230 quidem
835 1144 941 1230 Stepli.
957 1160 991 1213 et
1004 1145 1099 1210 Nice·

62 1231 162 1316 ploro
181 1232 351 1311 συνετάξατο
366 1232 509 1319 reposuit
522 1230 695 1309 Strothius,
711 1231 768 1296 sed
780 1231 909 1296 Valesio
924 1230 1101 1318 adstipula-
1217 1238 1221 1244 ’
1313 1322 1317 1337 ,

63 1330 121 1381 ¹tur
135 1317 239 1385 codex
253 1319 329 1382 MS.
347 1332 493 1403 uterque,
508 1330 575 1380 tam
590 1315 729 1402 Norfolc.
745 1338 840 1403 quarn
857 1315 950 1381 Bodl.

112 1401 197 1467 ibid.
219 1405 254 1478 ὥς
268 1402 298 1481 ἦν
312 1405 423 1479 limos
436 1402 549 1484 ἕκαςος]
566 1403 769 1488 Nicephorus
786 1402 885 1466 habet
898 1404 933 1477 ὥς
946 1400 977 1480 ἦν
992 1402 1102 1475 δυνατὸς

68 1487 178 1568 inam,
191 1491 246 1554 cui
264 1491 469 1557 subscribunt
487 1503 625 1576 quatuor
644 1488 745 1552 nostri
761 1486 889 1552 codices
904 1487 995 1552 Maz.
1007 1486 1101 1553 Med.

70 1574 153 1637 Fuk.
168 1589 203 1639 et
217 1574 404 1640 Ssvilianus.
431 1575 639 1644 Vsunsrus.
684 1574 734 1640 lta
747 1573 907 1650 Valesius,
921 1572 978 1672 qui
992 1584 1102 1637 tamen

67 1657 239 1727 lectionem
253 1659 363 1728 codicis
376 1660 467 1748 Regii
481 1661 512 1724 in
528 1673 620 1725 textu
634 1658 775 1725 retinuit.
816 1657 989 1736 Strothius,
1003 1679 1102 1744 quem

62 1743 121 1808 bic
133 1745 267 1832 quidem
284 1760 415 1812 secutus
435 1769 508 1811 sum
527 1747 563 1820 ὥς
586 1743 616 1823 ἦν
635 1745 745 1818 iduaris
760 1744 976 1831 recipientem,
992 1742 1103 1809 codicis

67 1852 201 1930 quoque
218 1831 323 1897 Venti
342 1833 444 1897 Lecti.
467 1832 478 1896 i
502 1853 571 1899 sum
594 1829 745 1895 exhibere
764 1831 820 1909 ait,
840 1829 893 1894 cui
912 1830 1103 1930 caeterisque

67 1916 176 1981 MStrs
190 1917 291 1982 addas
305 1918 380 1983 cod.
396 1853 537 2004 Norsiilc.
557 1938 630 1980 nam
652 1915 846 1985 Servilianum
868 1915 961 1986 illurn
983 1914 1104 1980 bibho·

60 2000 173 2067 -thecae
204 2003 298 2068 Bodl.
319 2004 388 2091 jam
419 2001 610 2067 memoravit
634 2001 794 2068 Valesius.
839 2001 1003 2067 Caeterum
1032 2001 1103 2069 haec

66 2087 164 2153 verba
176 2089 284 2175 Rapite
298 2088 338 2153 de
352 2089 386 2154 S.
401 2088 552 2154 Matthaei
571 2087 769 2156 versionibus
793 2087 992 2175 aliquatenus
1012 2086 1104 2151 illus-

58 2185 153 2239 ·trato
164 2174 238 2239 loco
253 2175 369 2239 dixeris
387 2173 566 2260 Augustini
584 2173 626 2238 de
644 2173 869 2260 interpretibus
886 2174 973 2240 Novi
990 2174 1103 2237 Testa-

67 2259 169 2324 menti
192 2260 326 2327 Latinis.
362 2259 473 2326 Latini
499 2260 680 2344 interpretes
706 2259 823 2345 (inquit
850 2259 916 2341 ille)
944 2259 1104 2328 numerari

59 2345 159 2410 nullo
173 2345 273 2410 modo
288 2360 433 2431 possunt.
473 2345 515 2410 Ut
529 2344 612 2409 enim
625 2343 734 2431 ntique
744 2343 942 2431 primisfidei
956 2345 1104 2430 tempori„

66 2428 123 2494 lus
137 2431 172 2494 in
186 2453 297 2496 manus
310 2432 393 2496 venit
407 2431 500 2495 codex
517 2432 658 2509 Graecus,
673 2444 706 2495 et
719 2430 952 2515 aliquantulum
966 2429 1104 2498 faculta-

66 2515 108 2580 tis
124 2516 187 2581 sibi
201 2518 366 2602 utriusque
380 2516 500 2603 linguae
515 2516 633 2603 habere
650 2514 826 2594 videbatur,
842 2537 935 2580 ausus
948 2525 993 2579 est
1008 2514 1104 2579 inter-

62 2600 199 2749 pastori.
221 2603 272 2667 De
282 2602 436 2667 Doctrina
447 2601 637 2681 Christiano,
646 2600 743 2666 libii.
756 2621 785 2667 c.
792 2601 833 2667 ix.
845 2607 956 2690 p.216.
968 2614 1048 2666 tom.
1059 2601 1104 2666 iii.

57 2706 86 2750 .e
112 2688 274 2754 .Froben.

112 2772 197 2837 Ibid.
219 2774 241 2838 l.
257 2786 289 2839 4.
312 2775 357 2836 καὶ
372 2773 439 2858 ἀπὸ]
455 2772 598 2839 Addenti
619 2775 673 2837 ἀπὸ
694 2795 734 2837 ex
753 2770 801 2837 ed.
824 2771 930 2858 Steplr.
949 2770 1103 2859 Nicepho-

67 2880 103 2921 νο
126 2880 164 2922 oe
177 2859 322 2923 Strothio
340 2860 534 2945 suffragatur
546 2857 612 2925 cod.
628 2859 704 2923 MS.
719 2857 813 2925 Bodl.
829 2881 886 2922 seu
901 2858 999 2926 Sunii.

103 2879 197 3008 (ibid.
220 2947 265 3006 nal
279 2945 359 3011 ἄλλην
374 2950 466 3025 iropiar
479 2946 540 3025 wrpi
550 2945 678 3029 γυναικὸς]
699 2946 752 3008 An
765 2944 836 3009 haec
850 2945 948 3008 fuerit
961 2944 1104 3025 historia,

55 3051 142 3116 ‚quae
171 3029 212 3094 de
238 3029 372 3094 muliere
400 3028 545 3095 adultera
568 3029 602 3094 in
626 3029 786 3117 plerisque
814 3029 982 3099 codicibus
1007 3053 1102 3102 evan·

55 3114 148 3200 ‚gelii
165 3116 200 3179 S.
213 3114 348 3180 loannis
363 3128 461 3192 extat,
475 3116 535 3179 etsi
550 3137 626 3180 curn
642 3115 704 3183 hoc
720 3116 999 3202 interpretamento
1014 3128 1104 3180 vetus

66 3200 201 3267 Eusebii
215 3199 368 3285 interpres
385 3201 518 3264 Rufinus
533 3201 648 3269 Latine
662 3200 732 3265 haec
744 3201 881 3280 verterit,
897 3200 987 3264 valde
1001 3200 1103 3265 incer.

67 3297 141 3349 tum
160 3298 220 3350 est.
264 3285 321 3348 Sin
344 3299 452 3351 autern
477 3286 522 3350 sic
544 3308 594 3353 res
615 3285 723 3366 habet,
737 3298 808 3354 tum
829 3308 904 3350 vero
926 3309 989 3350 non
1010 3286 1104 3373 plane

65 3370 347 3457 respuendsesset
362 3371 467 3439 Grotii
481 3380 529 3436 τοῦ
542 3371 622 3435 πάνυ
634 3370 829 3457 conjectura,
842 3372 897 3458 qui
912 3371 953 3439 ad
968 3371 1000 3436 S.
1012 3375 1102 3445 Joon.

51 3478 140 3542 cap.
150 3457 214 3521 viii.
229 3456 387 3543 exposuit,
401 3470 554 3524 attextum
568 3457 668 3521 fuisse
682 3456 848 3527 historiam
862 3455 951 3522 illam
964 3480 984 3521 a
997 3460 1105 3524 Naza-

55 3541 153 3607 renis
174 3540 305 3626 quidem
327 3543 470 3610 Hebraeo
490 3542 668 3629 evangeli0,
681 3564 702 3606 a
724 3543 820 3628 Papia
840 3556 947 3612 autem
969 3542 1038 3614 aliis
1065 3567 1104 3608 ue

54 3627 203 3694 ..loannis
224 3627 387 3712 discipulis
410 3628 527 3692 Graeco
547 3628 692 3706 loannis,
714 3639 747 3692 et
769 3629 811 3693 ab
831 3627 966 3698 ecclesia
986 3568 1104 3714 prola-

66 3724 149 3789 tam,
163 3712 247 3789 ideo¹
260 3712 350 3798 quod
371 3712 447 3777 satis
467 3727 556 3781 certo
577 3713 765 3784 testimonio
787 3727 948 3785 constaret
969 3715 1010 3783 ab
1024 3738 1105 3802 apo.

66 3798 160 3862 stolis
176 3796 337 3863 traditam.
932 3872 937 3884 ,

113 3882 197 3947 lbid.
211 3883 234 3947 l.
245 3889 276 3947 6.
298 3883 438 3972 ωιμέχν]
466 3883 570 3949 Addit
591 3882 771 3955 Eusebius:
804 3885 864 3949 Kal
886 3888 979 3949 ταῦτα
999 3886 1020 3948 δ’
1042 3891 1106 3969 ἡμῖν

51 3969 231 4052 ,ἀναγκαίως
251 3970 317 4054 πρὸς
336 3973 392 4043 τοῖς
413 3974 563 4039 ἐκτεθεῖσιν
584 3971 786 4057 ἐτντετηρῆὣνν.
819 3971 927 4056 Atque
948 3970 1017 4037 lioec
1034 3993 1112 4035 curn

65 4051 143 4117 aliis
163 4076 237 4139 φναν
256 4055 524 4139 supraponimus
544 4077 605 4119 non
621 4054 686 4121 sine
707 4077 800 4120 causo
815 4057 1017 4140 (iecessario.
1040 4058 1103 4127 vid.

51 4146 178 4224 supra)
199 4138 326 4203 anobis
347 4139 504 4213 observato
526 4141 602 4205 sint.
640 4139 804 4206 Caeterum
827 4143 939 4228 quanti
960 4141 1105 4208 facienda

63 4224 132 4291 sint
147 4224 293 4316 -Papiana
313 4224 425 4295 isthaec
447 4225 750 4307 testimonia,ne1no
773 4248 838 4297 nou
858 4226 956 4306 videt,
969 4227 1034 4292 nisi
1049 4229 1105 4321 qui

560 4332 584 4381 D
597 4327 616 4379 2
