2716 4748
208 277 442 348 ANNOTAT.
466 277 518 345 IN
540 275 727 345 CONOIL.
750 275 925 343 CAESAR.
1019 280 1083 366 3⁶1
1107 329 1110 337 ,

48 470 258 549 querupunque
271 451 393 516 mnam
407 449 488 514 diem
501 449 685 535 septimanoe
702 447 869 528 incidisset,
880 446 984 534 finem
996 442 1086 536 jeju.

48 537 112 602 niis
134 538 349 622 imponendum
369 558 433 601 esse
453 535 654 601 statuebant.-
678 557 747 600 cum
769 533 1023 624 tamen-reliqum
1038 545 1086 600 to·

44 622 114 711 tius
128 623 208 687 orlis
227 622 363 688 ecclesice
383 621 444 687 alio
467 644 549 686 more
571 632 740 701 uterentur,
755 621 810 708 qui
824 644 864 685 eu
878 620 1086 707 apostolorum

49 707 218 775 traditione
234 709 392 796 prrvfeetru
412 706 581 772 etiamnum
601 719 752 787 servatur,
766 718 802 771 ut
816 705 934 772 scilicet
947 730 1009 772 non
1022 707 1086 773 alio

49 817 146 882 quam
161 793 389 860 resurrectionis
403 793 580 858 Dominicae
592 793 642 857 die
654 793 780 880 jejunia
794 792 870 858 solvi
885 792 1002 859 liceat:
1026 792 1088 882 Sy·
1197 799 1198 803 ’

49 880 123 946 nodi
143 878 177 943 ol
199 880 243 960 id,
258 879 414 967 coetusq'ue
433 879 639 965 episcoporum
659 900 829 944 convenere.
866 881 973 967 Atque
987 903 1088 944 omues

49 989 110 1033 uno
125 988 269 1032 consensu
286 966 521 1032 ecclesiasticum
541 988 575 1030 re
598 963 685 1030 ulam
704 964 854 1030 universis
862 964 1013 1051 fidelihus
1032 982 1090 1052 per

49 1049 197 1203 iiim
213 1053 406 1117 tradiderunt
419 1078 430 1116 .·
453 1074 491 1116 ne
507 987 647 1116 videiicet
662 1050 724 1116 ullo
740 1049 801 1116 alio
818 1073 913 1138 quam
927 1052 1089 1117 Dominico
1193 1049 1197 1058 ’

79 1138 85 1150 ’
128 1138 309 1226 mysterium
335 1136 565 1203 resurrectionis
587 1137 716 1202 Domini
737 1159 875 1225 unquam
900 1137 1089 1203 celebretur:

50 1235 149 1311 utque
163 1247 195 1288 eo
209 1224 364 1289 duntunat
380 1223 429 1288 die
440 1222 638 1322 paschalium
650 1223 843 1309 jejuniorum
859 1224 1025 1288 terminum
1039 1224 1091 1290 ol·

51 1332 217 1376 servemus.
263 1311 384 1374 Exstat
403 1321 573 1375 etiamnum
587 1310 716 1395 epistola
732 1309 932 1388 sacerdotum,
949 1310 1003 1398 qui
1020 1321 1092 1375 tunc

52 1395 87 1460 in
111 1395 287 1460 Palcestina
311 1419 365 1459 con
388 1397 490 1483 regati
510 1406 605 1460 sunt.-
632 1395 742 1482 quilus
760 1395 972 1480 prcesidelant
995 1396 1092 1462 Tlteo·

48 1480 159 1567 philus
183 1483 337 1547 Ccesarece
354 1418 550 1560 iotaesetooe,
570 1493 600 1546 et
623 1481 787 1546 Narcissus
808 1480 1093 1568 Hierosolymorum

51 1567 220 1716 episcopus.
253 1568 333 1633 Alio
357 1568 432 1631 item
456 1577 558 1632 eustat
583 1565 713 1652 epistola
731 1567 848 1653 Synodi
868 1567 1029 1647 Romame,
1044 1568 1094 1632 cui

92 1653 194 1718 ictoris
209 1654 340 1752 episcopi
353 1676 462 1718 nornen
482 1651 651 1739 prcefiaum
664 1663 721 1717 est.
756 1650 922 1717 Habentur
939 1669 1095 1739 prceterea

53 1738 161 1805 litera
179 1755 386 1826 episcoporum
401 1738 632 1826 Ponti-quibus
646 1737 761 1803 Palma
781 1749 888 1824 utpote
911 1739 1094 1828 antiquissi-

54 1847 127 1891 mus
146 1825 291 1912 prcefuit.
331 1824 478 1910 Epistola
498 1848 617 1913 quoque
631 1823 826 1889 ecclesiarum
844 1823 965 1890 Gallice
981 1834 1096 1905 exstat,

54 1910 168 1998 quilus
184 1921 324 2009 prceerat
336 1912 484 1976 Irenceus.
522 1910 734 1975 Ecclesiamm
748 1932 866 1999 quoque
880 1911 914 1974 in
931 1911 1096 1976 Osdroenos

51 1996 217 2083 provincia
236 2009 267 2062 et
291 1997 325 2061 in
345 1996 470 2067 urlilus
488 2020 523 2061 re
546 1997 623 2061 ionis
639 1995 726 2061 illius
741 1997 977 2064 constitutarum
992 1996 1103 2067 literce·

54 2083 211 2147 visuntur.
257 2083 398 2148 Seorsum
420 2105 489 2147 vero
514 2020 679 2169 iacclvylli
703 2082 931 2147 Corinthiorum
954 2082 1097 2170 episcopi,

56 2167 253 2255 aliorumque
272 2168 476 2254 complurium
496 2168 636 2253 epistolce
655 2179 790 2233 exstant.
830 2169 893 2254 Qui
908 2191 1010 2234 omnes
1023 2191 1097 2234 ean·

58 2256 130 2319 dem
138 2253 241 2340 fidem
259 2255 445 2340 eandemque
465 2253 638 2319 doctrinam
654 2249 857 2340 proj'erervt'es,
870 2276 965 2319 unam
979 2254 1100 2320 edidere

58 2339 255 2406 sententiam.
291 2341 339 2404 Et
354 2338 648 2490 iterpuidemfuit,
662 2351 698 2404 ut
715 2338 794 2418 diui,
809 2338 935 2404 illomm
949 2339 1098 2428 definitio.

44 2426 165 2491 Cous.
181 2440 292 2490 notam
307 2426 422 2491 infraa
461 2427 703 2490 Pourcrms
719 2428 780 2490 Fra
805 2440 913 2490 menta
927 2426 968 2490 ad
983 2448 1015 2514 p.
1027 2439 1098 2504 373.

60 2513 185 2577 Rursus
206 2533 281 2578 vero
301 2534 372 2598 cap.
391 2527 442 2581 25.
465 2512 659 2596 fragmento,
682 2510 769 2598 quod
818 2511 848 2575 io
872 2513 981 2592 affero,
1005 2514 1101 2579 verba

59 2597 175 2664 iethaec
196 2597 353 2662 Eusebius
371 2597 546 2708 praemisiti
568 2597 608 2660 Oi
625 2601 713 2683 γεμὴο
731 2598 773 2660 ἐπὶ
794 2598 968 2676 [lamisione
986 2597 1029 2674 οὓς
1047 2604 1102 2688 o'ep·

60 2682 126 2759 σόος
142 2683 353 2766 διεληλύθαμεν,
370 2710 394 2762 ο,
407 2711 438 2747 τε
459 2683 624 2770 Νάρκισσος
645 2684 693 2748 καὶ
715 2681 861 2765 Θεόφιλος·
885 2681 931 2763 καὶ
945 2685 995 2747 σὺν
1009 2688 1101 2761 αὐτοῖς

62 2768 192 2845 Κάσσιος
212 2774 259 2847 τῆς
282 2775 359 2833 κατὰ
378 2770 465 2856 Τόρον
484 2769 635 2846 ἐκκλησόας
650 2767 806 2846 ἐπίσκοπος,
821 2771 868 2831 καὶ
884 2770 999 2857 Κλάρος
1012 2776 1061 2847 τῆς
1074 2775 1102 2836 ir

62 2856 253 2938 Πτολεμαΐδι,
268 2855 336 2919 alre
349 2860 423 2938 μετοὶ
437 2853 527 2918 reiron
541 2854 755 2932 συνεληλυθότες
769 2856 836 2940 περὶ
850 2861 897 2931 τῆς
912 2855 1102 2936 κατολθοόσης

63 2944 100 3016 οἷς
114 2942 212 3016 αὐτοὺς
232 2945 264 3004 ἐκ
286 2943 414 3026 διαδοχῆς
432 2948 486 3004 τῶν
505 2939 648 3012 &coelum
666 2942 733 3027 oripi
748 2945 796 3004 τοῦ
809 2940 905 3025 οιόιχα
919 2941 1103 3031 παραδόσεως

63 3031 177 3100 σλιῖςοι
190 3025 360 3107 διειληφότες
385 3032 461 3090 κασοὶ
472 3029 504 3089 ri
518 3026 597 3101 τέλος
611 3032 658 3102 τῆς
671 3032 791 3114 γραφῆς,
804 3031 895 3101 αὐτοῖς
910 3029 1027 3115 ῥήμασιν
1042 3033 1102 3092 ins·

64 3111 182 3211 λόγουσι
203 3119 305 3176 caira.
334 3114 422 3178 ΤΗΣ
444 3115 464 3175 δ’
487 3116 613 3188 ἐπιςολῆς
635 3113 694 3175 διο.
735 3111 882 3197 Episcopi
904 3136 972 3176 vero
994 3113 1104 3178 Pulce-

64 3209 161 3264 sttnce
183 3220 258 3283 quos
277 3196 372 3282 paulo
393 3213 486 3282 supra
505 3198 750 3276 memoravimus,
765 3198 929 3262 Narcissus
943 3197 1058 3263 scilicet
1073 3211 1103 3264 et

67 3282 264 3369 Theophilus,
280 3294 310 3346 et
325 3306 394 3347 cum
408 3283 473 3347 illis
489 3283 612 3347 Cassius
629 3283 716 3368 Tyri,
730 3293 759 3347 et
777 3282 888 3347 Clarus
902 3283 1105 3349 Ptolemaidis

66 3369 211 3455 episcopi,
225 3380 256 3433 et
278 3368 331 3455 qui
353 3368 447 3433 simul
468 3392 537 3433 eum
559 3367 633 3454 ipsis
655 3379 867 3448 convenerant,
883 3380 1048 3457 postquam
1067 3370 1105 3435 de

68 3453 237 3538 traditione
252 3453 314 3518 diei
328 3454 486 3540 paschalis
501 3477 574 3542 quce
586 3456 660 3541 jam
675 3455 746 3519 inde
760 3453 798 3518 ui
810 3453 957 3538 apostolis
971 3455 1013 3519 ad
1027 3456 1107 3540 ipsos

68 3539 215 3606 continua
235 3538 418 3605 successione
437 3552 630 3619 manaverat,
644 3540 746 3604 multa
767 3541 799 3604 in
819 3540 883 3604 suis
897 3540 997 3606 literis
1010 3542 1107 3606 disse·

67 3636 210 3704 namne,
239 3626 363 3689 tandem
397 3626 439 3690 ad
463 3626 566 3712 finem
594 3626 734 3712 epistolce
762 3626 809 3690 lois
836 3637 969 3691 utuntur
996 3627 1106 3692 verbis.

68 3713 195 3778 DATE
208 3734 340 3798 operam
353 3726 389 3776 ut
404 3713 548 3797 epistolae
563 3713 621 3775 &u
645 3712 868 3799 Hieronymus
879 3725 984 3777 autem
998 3715 1109 3778 Theo·

69 3798 197 3885 philum
220 3798 303 3861 inter
322 3797 553 3863 ecclesiasticos
574 3798 744 3884 scriptores
758 3797 808 3861 his
823 3799 925 3863 verbis
940 3800 1109 3879 recensuit,

72 3881 259 3967 Theophilus
278 3885 432 3948 Ccesarece
445 3882 642 3964 Palestinae,
659 3897 733 3971 quoe
746 3883 819 3948 olim
835 3884 942 3948 Turris
955 3885 1110 3950 Stratonis

71 3969 249 4048 vocalatur,
265 3970 420 4054 episeopus
439 3969 493 4033 sul
515 3969 624 4034 Severo
647 3969 792 4053 Principe
813 3969 974 4034 adversum
988 3992 1036 4034 eos
1055 3970 1110 4057 qui
1204 3972 1211 3992 ⁵

72 4056 329 4154 decimaquarta
350 4077 419 4120 cum
441 4055 563 4120 Judaeis
582 4055 698 4140 pascito
709 4055 887 4141 faciehant,
903 4079 972 4119 cum
990 4056 1111 4120 coeteris

65 4143 222 4227 episcopos
237 4140 414 4229 synodicam
428 4141 519 4208 valde
532 4141 643 4206 utilem
663 4143 831 4228 composuit
851 4141 1023 4228 epistolam.
1060 4143 1111 4207 De
