2716 4748
279 270 346 388 ἰιι
486 338 490 343 -
619 304 977 373 auuornrrouas
1064 342 1067 349 -

283 488 332 540 est
346 475 389 539 ab
404 473 604 562 Hegesippo.
648 478 688 543 In
702 478 814 544 codiee
829 492 937 543 tamen
958 474 1141 543 Fuketiano
1162 468 1312 567 scriptum

282 561 387 628 inveni
410 563 677 649 παρεισηγᾶγησαν.
723 562 823 649 Apud
846 564 1070 651 Nicephorum
1095 585 1172 628 vero
1196 564 1312 651 legitur

283 647 510 734 παρεισήγαγον,
525 649 613 735 quod
627 650 729 736 magis
742 651 855 737 probo.
878 653 1085 715 Varasras.
1132 650 1172 714 In
1191 662 1311 715 textum

306 735 406 798 rimus
426 735 544 820 recepit
565 735 724 800 Strothius
739 735 1008 823 παρεισηγιίγησαν,
1023 736 1186 822 aliumque
1200 748 1310 800 testem

281 756 403 884 l'aleaii
424 821 657 905 exemplaribus
674 821 799 886 addidit
817 822 935 886 Codicis
952 821 1056 885 Veneti
1076 822 1180 885 Lectt.
1218 824 1311 886 Hunc

282 927 347 991 ego
366 905 468 969 virum
491 907 531 970 cl.
555 922 683 972 secutus
706 930 801 986 sum3
836 908 890 993 qui
914 908 946 971 iu
967 906 1088 971 Valesii
1109 906 1311 971 adnotatione

283 991 435 1055 mendum
453 991 583 1077 aliquod
598 1014 666 1056 esse
681 995 859 1079 suspicatus
873 995 929 1071 ait,
943 999 965 1032 “
978 992 1055 1078 quid
1070 993 1132 1056 sibi
1149 992 1228 1057 velit
1240 990 1311 1056 illud

283 1083 306 1117 “
321 1087 424 1141 tamea
438 1078 523 1162 apud
537 1079 701 1142 Valesium
717 1102 750 1142 se
766 1079 897 1155 nescire,
913 1079 973 1143 nisi
991 1077 1052 1142 alia
1066 1078 1164 1141 lectio
1178 1078 1310 1163 reperia-

282 1170 305 1203 “
321 1177 374 1227 tur
393 1163 426 1226 in
451 1164 523 1227 Cod.
546 1163 653 1229 Fultct.
676 1164 847 1229 lectionem
865 1165 1023 1251 Stephani
1045 1163 1180 1228 fortasse
1202 1164 1311 1241 confir·

282 1255 306 1288 “
319 1249 442 1312 manS.’'
489 1247 552 1312 Sed
574 1251 681 1314 forsan
706 1248 960 1335 πεαρσισηγοίγοσαν
983 1250 1135 1329 habebat,
1163 1262 1202 1313 ut
1227 1248 1310 1313 Bodt.

284 1334 371 1400 Cum
387 1357 460 1399 vero
475 1334 515 1398 de
529 1336 680 1400 varietate
702 1336 735 1400 in
753 1336 825 1400 Cod.
841 1335 979 1421 Norfnla
994 1335 1086 1400 sileat
1099 1334 1234 1400 collatio
1248 1333 1311 1422 ejus

273 1420 316 1487 ¹in
328 1443 404 1485 usus
418 1443 508 1484 meos
519 1422 560 1485 ab
571 1423 676 1486 amico
691 1423 755 1485 huc
770 1422 878 1502 missa,
890 1423 922 1485 iu
935 1443 975 1485 eo
987 1422 1121 1485 fortasse
1132 1434 1223 1486 extat
1233 1421 1312 1506 prior

281 1506 379 1571 lectio
394 1507 617 1595 παρεισήγαγεν.
641 1510 723 1573 Mox
736 1507 897 1590 ἐπεμέρισαν
911 1528 971 1592 pro
986 1508 1114 1592 ἐμέρισαν
1129 1505 1213 1570 idem
1227 1505 1301 1581 ΜΚ

326 1595 361 1657 P.
374 1607 443 1657 200.
458 1593 480 1656 l.
494 1600 543 1656 26.
566 1597 620 1654 Καὶ
641 1597 679 1655 ὅτι
700 1622 729 1668 γι
750 1593 825 1675 dre]
843 1594 928 1657 Cum
944 1593 1058 1657 isthaec
1071 1592 1204 1656 Eusebii
1218 1614 1312 1679 posu·

281 1679 360 1744 isset
381 1679 543 1764 Georgius
566 1677 734 1765 Syncellus
756 1678 788 1741 in
813 1677 1066 1765 Cdrouograpdia
1086 1676 1130 1741 ad
1152 1699 1231 1764 pag.
1248 1690 1311 1743 344.

281 1764 393 1828 eadem
418 1778 571 1849 tanquam
594 1763 745 1850 Syncello
768 1774 904 1841 tantum,
924 1763 1012 1827 haud
1033 1762 1188 1842 Eusebio,
1210 1763 1313 1832 debita

280 1850 363 1915 inter
378 1849 557 1935 Hegesippi
571 1851 762 1934 Fragmenta
773 1849 872 1914 edidit
882 1851 923 1914 cl.
934 1849 1124 1914 Gallandius
1137 1848 1170 1913 in
1181 1849 1312 1914 tomoii.

280 1933 431 1999 Bibliotd.
446 1937 515 1999 ΡΡ.
530 1957 563 2021 p.
575 1940 626 2017 67.

285 2058 289 2069 ·
327 2020 361 2083 P.
371 2034 440 2083 201.
456 2021 477 2084 l.
490 2035 520 2082 2.
543 2021 602 2085 Καί
624 2019 747 2104 ἐπέμενεν
767 2029 782 2100 ἡ
802 2020 940 2099 ἐκκλησία
958 2028 973 2098 ἡ
991 2022 1142 2107 Κορινδίαιν
1160 2021 1238 2107 &c.]
1255 2021 1313 2087 His

282 2105 462 2191 Hegesippi
479 2105 582 2170 verbis
604 2128 661 2170 sua
679 2108 833 2193 praemisit
847 2107 1025 2186 Eusebius3
1045 2110 1083 2171 Ὁ
1095 2109 1148 2190 μὲν
1161 2107 1208 2172 οὖν
1220 2108 1312 2192 Ἡγη-

282 2216 382 2266 σιππος
396 2195 422 2254 ἐν
436 2190 523 2254 πέντε
536 2195 592 2266 τοῖς
606 2197 641 2266 εἰς
655 2199 727 2276 ἡμᾶς
741 2197 867 2256 ἐλθοῦσιν
880 2193 1067 2275 ὑπομνημασι,
1082 2199 1130 2269 τῆς
1152 2194 1223 2269 ἰδίας
1242 2196 1312 2279 γνοί-

281 2305 335 2362 μης
354 2277 533 2363 πνληρεςάπην
554 2278 660 2361 μνήμην
681 2279 890 2343 καταλέλοιπεν
914 2283 941 2341 ἐν
962 2280 999 2353 οίς
1021 2283 1107 2356 δηλοῖ,
1130 2280 1167 2352 νίς
1188 2279 1314 2354 πνλείςοις

282 2364 437 2436 ἐπισκόποις
452 2363 620 2445 συμμίξειεν,
636 2365 787 2446 ἀποδημίαν
801 2364 959 2447 ςειλίιμενος
972 2364 1059 2451 μέχρι
1078 2364 1196 2445 Ῥώμης·
1221 2367 1269 2428 καί
1281 2367 1314 2439 οἷς

282 2448 323 2512 ἐπι
339 2454 386 2528 τὴν
400 2453 483 2527 αὐτὴν
496 2454 581 2535 παρὰ
595 2450 711 2512 πάντων
724 2451 880 2535 παρείληφε
896 2450 1088 2514 διδασκαλίαν.
1118 2455 1228 2527 duriam
1240 2451 1314 2536 γέποι

282 2537 388 2621 ισαίρεςι
407 2540 480 2617 μετὰ
500 2540 560 2599 τινὰ
581 2537 648 2622 περὶ
670 2542 716 2612 τῆς
738 2537 897 2617 Κλήμεντος
919 2539 992 2622 πνρδς
1014 2536 1173 2623 Κορινθίους
1192 2542 1316 2610 ἐπιςολιῖς

282 2625 357 2706 αὐτῷ
380 2620 513 2706 εἰρημένα,
529 2619 701 2704 ἐπιλέγοντος
715 2629 816 2684 ταῦτα·
844 2626 915 2683 ΚΑΙ
936 2622 1058 2703 ἐπέμενεν
1077 2629 1091 2699 ἡ
1112 2624 1251 2699 ἐκκλησία
1264 2630 1316 2687 τῶν

283 2706 433 2792 Κορινθίαν
448 2707 506 2768 &a
545 2707 741 2792 Hegesippus
763 2706 886 2794 quidem
910 2705 943 2768 ia
963 2708 1098 2794 quiaque
1121 2708 1316 2772 Commenta·

282 2791 399 2854 riorum
424 2790 511 2854 libris
534 2792 586 2876 qui
608 2791 648 2853 ad
670 2816 724 2855 uos
741 2803 956 2876 peruenerunt,
980 2791 1225 2856 ltcctiteutissima
1234 2793 1317 2879 fidei

283 2898 350 2939 sure
366 2875 540 2939 testimonia
554 2876 639 2940 notas
654 2878 793 2964 reliquit.
817 2877 930 2941 Scribit
946 2878 1083 2956 enimse,
1099 2900 1169 2940 cum
1185 2880 1317 2943 Romam

281 2959 531 3047 proficisceretur,
556 2962 708 3046 pltuiiuos
734 2965 884 3048 episcopos
910 2964 1087 3041 adiisse‚'et
1114 2963 1151 3025 ab
1178 2964 1317 3027 omuibus

282 3068 377 3110 uuam
398 3047 584 3134 eandemque
606 3047 757 3112 audiuisse
777 3049 959 3112 doctrinam.
998 3050 1083 3112 Idem
1094 3059 1265 3136 postquam
1281 3050 1318 3113 da

285 3132 451 3197 Clementis
476 3134 517 3196 ad
542 3132 712 3197 Corinthios
735 3134 864 3198 cistula
890 3134 1035 3220 quaedam
1058 3135 1317 3214 commemorauit,

283 3219 350 3282 laec
373 3219 472 3297 addit,
492 3241 564 3306 qua
583 3241 648 3298 unt,
669 3219 696 3282 si
716 3150 831 3304 μέδων,
847 3220 1019 3284 audiamus
1049 3221 1106 3284 ET
1127 3220 1317 3285 Corinthio·

282 3327 353 3369 rum
371 3306 511 3390 quidem,
526 3305 639 3392 iuquit,
655 3307 787 3370 ecclesia
804 3306 861 3368 &o

327 3391 409 3453 lbid.
426 3391 448 3453 l.
462 3405 491 3455 3.
515 3393 563 3477 οἷς]
584 3391 652 3454 Etsi
668 3391 818 3454 edidisset
836 3390 998 3454 Strothius
1016 3388 1037 3476 ᾧ
1054 3391 1191 3455 testibus
1211 3391 1318 3457 citatis

284 3474 406 3561 Rapina,
419 3476 599 3560 Νῖσορίοονο,
614 3476 786 3560 Οίινὶσοορίι.
798 3477 899 3540 Lactt.
915 3476 1091 3562 Valesioque
1105 3476 1318 3554 iuVersioue‚

284 3561 330 3624 nil
355 3574 462 3624 tamen
486 3585 614 3626 necesse
639 3562 720 3624 mihi
742 3563 844 3625 visum
870 3575 929 3642 est,
953 3577 989 3625 ut
1014 3561 1194 3625 editionum
1219 3574 1254 3626 at
1279 3584 1319 3629 ue

284 3648 572 3732 manuscriptorum
596 3648 691 3711 lectio
716 3659 903 3711 mutaretur.
949 3647 1111 3710 Caeterum
1136 3647 1223 3711 hunc
1251 3586 1318 3713 go·

282 3731 473 3797 rinthiorum
486 3735 684 3818 episcopum,
695 3732 893 3796 nominatum
905 3735 1058 3811 Primum,
1068 3732 1143 3796 alibi
1156 3755 1319 3822 nusquam

283 3833 572 3882 commemoratum
586 3841 619 3882 se
632 3818 795 3904 reperisse,
810 3818 855 3881 ait
869 3819 1060 3883 Halloixius

328 3901 412 3966 Ibid.
426 3905 448 3967 l.
461 3911 490 3967 6.
513 3906 639 3990 διαδοχὴν
653 3904 819 3986 ἐποιησάμην
832 3902 933 3990 μέχρις
946 3903 1103 3988 Ἀνικῆτου]
1121 3904 1258 3968 Savilius
1278 3904 1320 3968 ad

283 4011 373 4065 oram
395 3989 443 4052 sui
465 3988 583 4075 codicis
603 4012 661 4074 pro
682 3991 809 4075 διαδοχὴν
822 3991 962 4053 correxit·
974 3989 1108 4078 διαπριέὴν
1119 4014 1128 4068 ;
1151 4003 1263 4053 utrum
1280 4012 1320 4054 ex

282 4073 477 4161 conjectura,
493 4097 531 4137 an
554 4097 594 4138 ex
618 4073 680 4137 fide
701 4075 907 4161 manuscripti
929 4076 1129 4160 exemplaris,
1143 4076 1318 4140 incertum.

265 4174 461 4244 ..utcumque
475 4174 580 4223 tamen
598 4161 771 4225 necessaria
785 4173 833 4224 est
848 4161 917 4224 haec
932 4161 1124 4225 emendatio.
1169 4162 1271 4224 Porro
1286 4163 1319 4225 in

284 4246 388 4333 capite
400 4245 442 4310 xi.
457 4244 553 4334 hujus
565 4245 649 4327 libri,
664 4245 891 4313 ubi'Eusebius
906 4246 993 4313 hunc
1012 4246 1195 4334 Hegesippi
1206 4247 1320 4313 locum
