2716 4748
256 292 310 364 nt
331 291 1071 367 ar1sr.vmunun.urnuonunru.
1111 314 1179 385 30,

149 466 305 543 Rufinus:
327 490 399 554 quae
420 488 480 532 vox
499 467 682 553 generalem
702 466 799 529 habet
818 467 1092 552 significationem,
1107 480 1180 554 per·

147 546 281 617 indeac
301 555 426 617 Graeca.
469 553 590 617 Omnes
611 554 697 617 enim
719 553 949 651 provinciarum
973 569 1113 619 rectores
1134 555 1180 618 lta

148 638 361 723 appellantur,
384 661 441 701 seu
464 651 685 723 procuratores
707 650 780 716 sint,
806 660 863 703 seu
883 640 1101 724 proconsules,
1121 661 1180 703 seu

148 723 251 808 legati
267 724 414 789 Caesaris.
448 724 600 789 Dubitari
613 724 721 811 itaque
736 724 850 789 merito
865 738 983 811 potest,
998 724 1181 811 cujusmodi
1292 759 1298 769 0

148 807 206 877 hic
220 809 316 874 fiterit
329 821 434 873 rector
446 808 615 895 provinciae
629 807 863 895 Lugdunensis.
899 809 1057 897 Equidem
1073 810 1182 884 existi:

146 916 210 961 mo
223 895 365 980 legatum
383 894 519 959 Caesaris
534 894 641 960 titisse.
684 895 798 959 Movet
818 917 871 959 rne
892 898 1008 981 primo,
1023 896 1111 982 quod
1128 895 1182 959 hic

151 981 275 1045 mentio
298 980 333 1043 iit
353 981 472 1045 tribuni
493 980 649 1045 militum..
686 980 726 1045 ld
739 981 825 1046 enirn
838 983 960 1068 optime
973 981 1121 1046 convenit
1133 980 1182 1045 le·

151 1078 235 1151 gato
250 1065 397 1144 Caesaris,
412 1067 468 1151 qni
481 1089 548 1130 rem
562 1064 733 1131 militarem
746 1066 888 1131 curabat.
931 1066 1058 1131 Deinde
1079 1068 1111 1131 in
1130 1088 1183 1133 ve·

150 1151 215 1213 teri
235 1151 440 1237 inscriptione
461 1174 558 1238 quam
580 1152 676 1215 refert
697 1152 854 1217 Gruterus
876 1170 952 1238 pag.
966 1166 1035 1228 427.
1057 1152 1184 1238 legatus

152 1230 238 1321 imp.
252 1238 367 1301 Nervae
382 1237 511 1324 Trajani
527 1236 665 1301 Caesaris
674 1236 764 1323 Aug.
775 1238 945 1337 provinciae
959 1237 1184 1323 Lugdunensis

149 1322 348 1397 nominator.
390 1323 539 1410 Denique
564 1322 749 1408 Spartianus
773 1346 806 1387 ro
833 1325 958 1401 Severo,
984 1322 1184 1408 Lugdunen-

151 1418 222 1471 sem
238 1406 442 1493 provinciam,
457 1430 515 1494 per
528 1408 653 1493 legatos
669 1408 804 1473 Caesaris
818 1408 1072 1473 administratam
1085 1409 1186 1473 fuisse

148 1490 330 1578 imperante
343 1494 395 1557 M.
409 1494 576 1558 Antonino
590 1506 735 1559 testatur.
779 1494 832 1559 Sic
846 1495 932 1569 enim
948 1494 1056 1559 scribit
1070 1493 1112 1557 de
1127 1495 1185 1558 Se-

151 1599 239 1643 vero.
257 1577 384 1643 Deinde
395 1579 586 1663 provinciam
598 1578 836 1666 Lugdunensem
852 1579 974 1666 Legatos
984 1579 1109 1663 accepit.
1132 1580 1186 1645 Ae

150 1663 289 1729 fortasse
306 1664 341 1728 in
363 1664 424 1728 hac
444 1664 708 1751 Lugdunensium
730 1664 866 1750 epistola
885 1667 1019 1731 Severus
1035 1664 1187 1751 intelligi·

149 1759 219 1813 tur.
241 1749 316 1813 Fuit
328 1751 415 1813 enim
429 1751 556 1835 legatus
570 1750 740 1837 provinciae
750 1751 975 1836 Lugdunensis
986 1751 1046 1815 sub
1058 1752 1186 1817 Marco·

152 1834 267 1899 Sedet
279 1836 396 1901 lunius
416 1835 552 1915 Blaesus,
564 1858 660 1922 quem
682 1850 838 1901 rectorem
853 1836 967 1901 Galliae
986 1835 1186 1922 Lugdunen-

151 1920 198 1987 ais
211 1933 309 1999 vocat.
323 1921 454 1987 Tacitus
472 1923 506 1986 in
525 1923 629 2007 primo
643 1921 860 2002 historiarum,
875 1922 1000 2007 legatus
1016 1922 1088 1987 fuit.
1122 1922 1188 1987 Ar·

150 2018 313 2091 gumento
323 2019 374 2071 est
387 2007 417 2071 le
443 2007 475 2072 io
492 2008 603 2073 Italica
612 2021 646 2072 et
655 2006 706 2071 ala
720 2007 859 2072 Taurina
872 2007 1027 2093 Lugduni
1041 2007 1187 2088 tendens,

150 2113 236 2178 quas
249 2092 381 2191 regebat
393 2030 528 2157 Biaesus.
572 2094 646 2157 Fuit
660 2093 757 2157 etiam
771 2094 930 2158 Vitrasius
945 2093 1047 2158 Pollio
1061 2093 1188 2178 legatus

151 2177 327 2262 provincia
340 2177 567 2264 Lugdunensis
583 2178 781 2264 temporibus
798 2180 881 2263 Imp.
896 2177 1064 2257 Hadriani,
1077 2192 1116 2243 ut
1151 2201 1187 2243 a·

155 2274 204 2327 tet
217 2262 343 2348 exlege
361 2279 407 2327 15.
422 2265 466 2327 D.
485 2265 524 2327 de
544 2264 812 2328 excusationibus
834 2266 1041 2328 Vannstus
1085 2263 1113 2327 A
1140 2264 1190 2328 di·

155 2347 206 2413 dit
232 2350 411 2413 Lardnerus
436 2350 469 2413 in
497 2350 661 2414 Testimon.
682 2349 806 2412 Judaic.
832 2361 861 2412 et
888 2348 1043 2426 Etlrnict’s,
1069 2349 1131 2413 vol.
1153 2351 1188 2416 ii.

150 2454 229 2520 pap.
242 2448 290 2497 15.
302 2455 334 2520 p.
347 2447 414 2513 197.
425 2434 534 2501 locum
550 2435 666 2499 Dionis
678 2434 782 2509 Cassii
797 2456 829 2534 p.
842 2447 927 2497 1243.
940 2434 991 2498 ed.
1004 2434 1143 2501 Reimar.
1155 2434 1189 2500 in

153 2540 224 2607 quo
238 2534 436 2584 memoratur
451 2521 558 2595 Severi
572 2520 789 2606 Lugduneuse
801 2519 984 2605 imperium,
995 2520 1104 2670 aitgue
1115 2541 1189 2585 cen·

152 2604 259 2683 puisse
279 2607 331 2670 Fr.
346 2605 540 2671 Balduinum
559 2605 666 2671 Edict.
688 2605 793 2670 Priac.
815 2606 944 2670 Roman.
963 2608 1014 2671 De
1061 2605 1189 2671 hristia-

150 2689 206 2771 ,πίε
234 2694 280 2776 (p.
301 2704 352 2770 97.
373 2690 548 2778 ed.-Lips.)
574 2690 692 2756 rexisse
717 2690 862 2790 legatum
887 2691 969 2757 hanc
994 2691 1190 2779 provinciam

153 2776 351 2861 Septimium
366 2777 529 2857 Severum,
545 2778 600 2865 qui
619 2790 732 2863 postea
750 2790 923 2863 imperator
938 2776 1010 2854 fuit,
1024 2776 1101 2843 dum
1118 2776 1189 2842 lraec

152 2860 199 2933 de
213 2860 404 2927 Christianis
418 2876 619 2927 sumerentur
630 2862 797 2948 supplicia.
840 2863 951 2927 Habet
965 2862 1013 2938 ἕως
1025 2869 1074 2927 τοῦ
1088 2862 1193 2950 {pipa-

152 2950 238 3030 ’μονος
249 2953 298 3023 τῆς
312 2974 352 3011 ar.
366 2948 443 3012 MS.
456 2947 559 3013 -Savt'L
575 2970 631 3012 seu
647 2947 740 3012 Bodl.

150 3074 158 3109 ,
172 3054 175 3059 ·
201 3032 244 3096 P..
250 3038 320 3111 269.
334 3032 357 3097 l.
367 3051 399 3112 9.
419 3033 541 3112 Οὐέτῖιρς
552 3033 733 3120 ’Μάγαθος]
746 3034 799 3098 De
814 3056 880 3120 quo
892 3035 1071 3121 Gregorius
1085 3037 1191 3100 Turo-

152 3117 265 3185 nensis
282 3118 317 3197 in
333 3118 417 3184 libro
463 3121 545 3185 rimo
566 3119 708 3184 historiae
729 3120 962 3184 Ecclesiasticae
980 3141 1051 3205 cap.
1062 3135 1112 3198 29.
1149 3122 1192 3185 Et

152 3224 267 3269 rursus
281 3226 353 3291 cap.
366 3219 418 3269 31.
432 3142 474 3269 de
488 3204 633 3270 Ecclesia
651 3204 844 3269 Bituricensi
863 3204 999 3291 loquens
1018 3206 1063 3269 sic
1081 3204 1191 3268 habet.

151 3287 348 3353 Iaettcadt'am
363 3290 516 3377 quasdam
533 3290 671 3375 primam
687 3289 867 3354 Galliarum
883 3291 1071 3367 Sarmatam,
1086 3288 1140 3375 qai
1155 3289 1194 3353 de

154 3373 257 3457 stirpe
283 3374 363 3439 Vetii
387 3375 553 3463 Epagotlti
571 3375 657 3462 fait,
685 3397 775 3462 qaam
802 3375 955 3462 Lagdaaa
982 3391 1110 3461 passam
1134 3390 1192 3459 pro

159 3457 279 3523 carati
293 3460 414 3524 nomiae
428 3461 566 3545 superias
579 3460 823 3538 memoravimus,
837 3472 1024 3545 repererant.
1061 3460 1128 3549 Qui
1141 3460 1194 3525 lo-

155 3566 218 3609 cus
241 3558 351 3630 aperte
374 3546 525 3625 ostendit,
546 3546 751 3633 Epagathum
775 3546 940 3610 nobilitate
963 3547 1090 3632 generis
1111 3546 1194 3631 inter

151 3630 394 3716 Lugdunenses
408 3633 591 3697 eminuisse.
636 3632 699 3696 Sed
717 3644 750 3695 et
770 3633 905 3716 epistola
918 3633 986 3718 ipsa
996 3632 1034 3696 id
1049 3632 1125 3696 satis
1139 3655 1194 3697 su·

151 3734 282 3802 perque
295 3729 430 3781 testatur
444 3717 493 3780 his
509 3718 622 3796 verbis,
637 3719 658 3803 ig
673 3722 731 3803 γὰρ
746 3715 775 3794 ἦν
791 3716 931 3797 ἐπίσημος.
976 3720 1080 3782 Porro·
1095 3717 1194 3783 hu'ua

158 3802 310 3888 martyris
324 3825 442 3867 nomen
455 3824 529 3866 cum
545 3803 665 3888 duplici
676 3829 693 3865 τ
705 3803 801 3867 scribi
815 3803 921 3879 debet,
932 3816 969 3867 ut
981 3803 1080 3867 habet
1092 3741 1195 3889 ceder

156 3888 253 3951 Maz.
268 3900 301 3951 et
316 3888 523 3953 Fuketianus.
566 3889 694 3953 Etenim
714 3910 830 3951 nomen
853 3889 1035 3952 Romanurn
1050 3902 1100 3953 est
1115 3890 1195 3951 Vet-

157 3972 225 4036 tius
239 3972 324 4058 apud
343 3974 534 4038 Ciceronem
550 3990 583 4038 et
596 3975 803 4052 Juvenalem3
826 3974 857 4037 id
882 3998 922 4037 ue
941 3995 1119 4059 pronomen
1134 3973 1196 4037 fuit

161 4058 355 4123 Praetextati.
401 4059 497 4123 Certe
516 4061 547 4124 in
571 4059 788 4144 manuscripto
813 3997 918 4122 [ruini
936 4058 1047 4123 codice
1064 4057 1196 4123 Vettius

155 4142 350 4229 Epagathus
365 4143 491 4208 dicitur.
507 4146 715 4209 Vanasros.
754 4145 789 4208 Si
803 4145 911 4209 mittas
924 4145 1000 4208 edit.
1017 4145 1196 4221 Romanam

156 4226 332 4309 Caeciarii,
344 4229 400 4304 ubi
411 4251 451 4296 ex
465 4231 571 4296 MStis
582 4231 746 4297 Vaticanis
755 4230 896 4317 positum
910 4242 960 4307 est
975 4228 1094 4295 Vectim
1105 4228 1199 4331 Εραξ.Δ
