2716 4748
153 301 216 369 134
486 283 848 351 ANNOTATIONES
881 300 884 305 ·

153 449 303 596 murrp,'in
318 472 392 601 qup)
398 452 629 602 membrsdDep
643 453 725 602 papi
738 453 771 518 in
786 450 950 553 Scriptura
964 453 999 533 S.
1009 472 1068 540 per
1081 456 1188 555 draps-

152 559 229 685 ns
250 551 459 686 attan
485 551 777 709 nqtrnrn
799 549 1189 722 {nituerunt

154 704 289 783 Keilius,
304 727 368 769 non
383 728 535 793 magnam
554 728 630 772 sane
643 707 704 773 hac
719 707 751 773 in
769 730 803 771 re
819 720 982 795 jacturam
1002 707 1122 773 fecisse
1139 729 1190 773 or·

153 790 229 855 bern
244 788 418 855 literatum.

199 874 234 937 P.
249 889 315 937 115.
331 875 353 939 l.
368 892 396 939 1.
418 875 466 939 nal
480 878 517 939 rel
531 877 600 961 περὶ
614 882 663 939 τοῦ
677 874 816 959 δραὸὅλου,
832 878 881 941 nal
901 881 949 953 τῆς
967 875 1188 961 ἀποκαλύψας]

153 960 249 1043 Duos
264 957 405 1025 diversos
419 956 519 1024 fuisse
537 959 647 1038 libros,
661 983 800 1046 quorum
820 982 904 1027 unus
926 960 968 1024 de
985 960 1132 1039 diabolo,
1145 962 1188 1027 al·

153 1056 203 1109 ter
215 1042 265 1191 d}
269 1045 454 1132 apocalypsi
469 1058 592 1131 ageret,
607 1066 644 1109 ex
664 1044 781 1110 Rufino
794 1059 830 1111 et
842 1045 1049 1134 Hieronymo
1062 1045 1189 1133 colligi·

154 1143 219 1193 tur.
268 1149 413 1194 Tnorn.

198 1212 282 1276 lbid.
297 1213 320 1277 l.
335 1229 364 1277 2.
387 1215 434 1277 nal
456 1219 469 1277 ὁ
491 1215 558 1299 orspl
579 1212 739 1295 irrupsisse
758 1214 847 1298 Θεοῦ]
865 1214 941 1278 Hoc
960 1214 994 1277 in
1012 1212 1100 1278 libro
1113 1234 1188 1279 con·

154 1297 308 1363 tendebat
329 1299 448 1365 Melito
470 1300 578 1364 Deum
601 1298 801 1384 corporalem
822 1319 910 1377 esse;
932 1298 1032 1385 idque
1045 1320 1088 1364 ex
1101 1298 1190 1363 variis

154 1383 321 1470 scripturae
344 1383 425 1449 loeis
447 1383 689 1470 comprobabat.
732 1385 840 1470 Quem
866 1382 997 1482 quidem
1022 1383 1189 1449 Melitonis

153 1489 294 1533 errorem
320 1469 435 1533 merito
461 1467 665 1554 reprehendit
691 1469 850 1553 Origenes
875 1490 907 1531 m
931 1466 1133 1554 expositione
1157 1467 1189 1532 in

155 1553 308 1617 Genesim
323 1552 374 1617 his
387 1553 490 1618 verbis
504 1578 511 1619 r
534 1551 745 1640 expoliannnls'or
763 1551 908 1639 πρότερον,
918 1557 971 1615 ποῦ
985 1551 1145 1633 nmirum,
1157 1555 1189 1617 τὸ

154 1640 218 1702 κατ’
234 1636 323 1702 εἰκόνα
338 1643 364 1701 ἐν
378 1638 502 1721 σώματι,
516 1636 533 1715 ἢ
548 1641 574 1702 ἐν
588 1639 681 1723 ψυχῇ,
694 1635 792 1719 ἴδωμεν
805 1639 833 1700 δὲ
845 1636 979 1744 wpdrpos
998 1637 1037 1711 οἷς
1053 1646 1189 1723 maiorm,

152 1728 178 1787 ol
190 1724 222 1786 sl
236 1730 350 1809 πρῶτον
363 1723 503 1807 λέγοντες·
525 1721 560 1785 ὧν
574 1723 614 1795 ἐςὶ
634 1725 656 1808 'b
678 1721 824 1801 Μελίτων,
838 1722 1047 1807 ooplsrapparn
1061 1735 1189 1786 καταλι-

153 1805 266 1890 Ιλοιπώς,
276 1807 336 1893 napi
349 1815 388 1869 sti
402 1807 559 1890 ἔνσῶματον
579 1806 644 1884 aba
656 1808 703 1870 τὸν
716 1807 798 1871 Θεόν·
820 1805 892 1889 μέλη
906 1809 965 1905 yslp
979 1810 1043 1869 Θεῢ
1056 1805 1189 1889 ὀνομαζό·

151 1916 225 1975 psna
238 1891 395 1976 εύρίσκονῑες
411 1892 470 1956 &a
486 1915 559 1977 quae
573 1891 752 1955 referuntur
763 1912 783 1955 a
795 1891 995 1955 Theodorrto
1007 1890 1041 1954 in
1055 1912 1128 1977 cap.
1139 1904 1190 1955 20.

152 1976 368 2063 quaestionum
384 1976 415 2040 in
431 1976 595 2041 Genesim.
631 1976 779 2040 Eundem
794 1974 962 2042 Melitonis
976 1996 1118 2039 errorem
1132 1976 1191 2039 ob·

153 2073 257 2137 servat
279 2060 465 2125 Gennadius
488 2060 521 2124 in
542 2061 625 2125 libro
648 2060 689 2124 de
711 2060 754 2126 do
780 2061 919 2141 motibus
938 2059 1190 2125 Ecclesiastieisr

153 2136 248 2227 Mill
269 2159 446 2230 corporeum
466 2144 500 2209 in
523 2144 678 2210 Trinitate
697 2167 746 2208 ore
768 2165 867 2223 arnus,
879 2156 916 2209 ut
934 2143 1054 2209 Melilo
1068 2153 1100 2209 el
1115 2144 1191 2210 Ter·

153 2228 319 2295 sullana.
338 2230 552 2311 Vanusrns,
581 2231 665 2294 Haec
675 2228 835 2308 Valesius,
846 2228 902 2315 qui
913 2241 1021 2293 tamen
1034 2228 1069 2293 in
1084 2230 1191 2315 priore

152 2314 304 2380 editione
318 2337 376 2380 sua
397 2315 506 2381 locum
528 2327 674 2393 verterat,
691 2312 805 2377 librum
824 2313 862 2377 de
883 2313 1102 2378 incarnatione
1117 2315 1191 2381 Dei.

153 2398 218 2464 Sed
238 2415 271 2465 et
290 2400 344 2463 alii
364 2400 509 2487 plerique
522 2400 579 2463 viri
594 2399 682 2463 docti
698 2398 849 2484 Origenis
863 2399 1053 2462 auctoritate
1068 2399 1191 2464 inducti

152 2486 186 2550 in
205 2485 339 2549 alteram
361 2483 659 2571 interpretationem
678 2498 851 2548 cesserunt.
896 2485 1006 2569 Atque
1024 2483 1191 2549 fatendum

152 2586 213 2649 est,
228 2569 288 2634 etsi
304 2568 379 2655 jure
399 2570 502 2655 possit
516 2568 637 2633 absolvi
650 2567 783 2632 crimine
798 2567 956 2632 sentiendi
970 2590 1045 2632 cum
1062 2568 1190 2633 Audia-

153 2654 213 2731 nis‚
230 2654 294 2718 sive
308 2653 680 2738 Anthropomorphistis,
691 2652 917 2731 Tertullianus,
932 2656 971 2731 (is
986 2653 1041 2737 qui
1060 2653 1101 2716 ab
1117 2653 1190 2716 illo-
1208 2675 1210 2681 ·

151 2761 225 2803 rum
239 2758 345 2802 errore
359 2752 426 2802 tarn
442 2739 540 2822 longe
557 2739 703 2823 profecto
721 2737 842 2816 aberat,
855 2751 893 2801 ut
912 2738 1022 2802 Deum
1042 2737 1190 2822 impassi-

152 2822 253 2886 bilem
273 2843 343 2885 esse
364 2835 528 2899 statueret,
544 2844 662 2906 corpus
685 2835 719 2886 et
737 2821 906 2887 materiam
930 2821 1061 2908 quidem
1080 2823 1189 2887 Deum

153 2926 223 2970 esse
237 2905 347 2969 volens
361 2905 416 2969 sed
432 2905 573 2970 innatam
590 2907 698 2985 (verba
712 2906 810 2992 ipsius
822 2907 854 2970 in
871 2907 926 2970 lib.
939 2909 965 2968 1.
980 2907 1052 2970 adv.
1068 2907 1191 2970 Marei-

154 3012 208 3055 on.
222 3012 250 3053 c.
264 2993 323 3072 15.)
338 3001 368 3054 et
380 2989 528 3076 irpseelom
543 3001 574 3054 et
587 3002 751 3069 aetnnum,
762 2991 830 3054 imo
846 2991 878 3054 in
894 2991 950 3055 lib.
963 2991 996 3054 ii.
1010 2991 1081 3056 adv.
1091 2991 1189 3055 eund.

152 3097 182 3145 e.
201 3090 231 3138 5.
253 3074 418 3139 hominem
441 3089 573 3162 negaret
595 3075 676 3139 facie
698 3090 732 3139 et
755 3076 974 3161 corporalibus
996 3075 1101 3154 lineis,
1123 3092 1189 3139 tarn

152 3160 244 3224 variis
266 3160 299 3224 in
321 3182 440 3246 genere
461 3160 614 3237 humano,
627 3159 672 3236 ,nd
688 3158 874 3244 uniformem
890 3161 993 3224 Deum
1012 3175 1190 3244 expressum

152 3248 234 3328 esse)
265 3245 430 3311 fatendum
454 3259 514 3324 est,
538 3245 681 3331 inquam,
707 3244 901 3309 Melitonem
925 3258 1032 3308 tamen
1056 3244 1189 3309 humani

153 3329 276 3416 aliquid
296 3329 328 3394 in
344 3330 404 3393 hac
420 3353 454 3392 re
468 3351 598 3415 passum
613 3328 711 3394 videri
725 3351 830 3415 posse,
845 3329 964 3414 quippe
978 3351 1053 3405 oum
1070 3329 1186 3479 Οῐῗᾶε-

152 3437 209 3478 nes
225 3415 257 3478 in
273 3414 346 3479 loco
358 3437 377 3477 a
388 3415 519 3478 Valesio
533 3414 676 3492 laudato,
690 3415 841 3495 ostendat,
853 3415 938 3490 illos,
953 3414 1098 3500 quicum
1156 3436 1188 3478 e-

152 3499 255 3562 litone
274 3514 450 3578 senserunt,
464 3499 647 3584 opinionem
666 3520 759 3563 suam
776 3492 964 3577 defendisse,
980 3521 1020 3563 ex
1038 3520 1079 3563 eo
1101 3498 1187 3585 quod

153 3584 299 3647 membra
315 3583 348 3648 in
362 3606 451 3648 sacra
466 3584 628 3670 Scriptura
641 3585 715 3649 Deo
730 3583 920 3663 tribuantur,
934 3596 967 3647 et
980 3582 1070 3669 quod
1084 3585 1188 3653 Aba

43 3718 45 3723 -
152 3666 268 3753 haeque
279 3681 312 3732 et
327 3668 396 3732 aliis
411 3669 528 3733 sanctis
542 3669 647 3733 forma
660 3668 767 3753 aliqua
780 3668 932 3752 praeditus
945 3668 1036 3741 Deus
1051 3688 1186 3767 apparu·

153 3752 224 3816 erit.
247 3755 294 3817 At
304 3752 390 3834 vero,
398 3775 493 3851 super
504 3775 600 3838 quarn
608 3752 698 3839 'quod
709 3751 888 3816 catholicus
898 3752 1034 3836 scriptor
1045 3753 1186 3838 Epipha-

152 3836 226 3915 nius
238 3852 350 3902 contra
360 3837 525 3901 Audranos
537 3838 624 3922 ipsos
636 3837 708 3900 illos
719 3857 818 3921 agens
830 3837 976 3918 affirmat,
986 3836 1078 3901 nullo
1090 3836 1186 3901 modo

152 3920 319 4005 definitum
334 3942 402 3985 esse
423 3921 463 3984 ab
484 3921 628 4001 eeclesia,
641 3943 781 4006 quanam
796 3920 829 3984 in
844 3934 934 4007 parte
949 3919 1091 3985 hominis
1106 3922 1185 3985 ima·

152 4029 198 4099 go
212 4007 268 4071 illa
280 4005 346 4070 Dei
361 4004 392 4068 in
407 4005 537 4069 bomine
552 4006 725 4084 consistat;
748 4006 819 4090 quis
834 4007 867 4070 in
883 4026 917 4068 se
931 4006 1098 4090 reciperet,
1115 4006 1185 4071 Ori·

152 4092 230 4178 geni
245 4113 387 4177 unquam
402 4091 504 4154 visum
523 4113 592 4154 esse
614 4091 720 4176 ipsum
735 4090 904 4155 Melitonis
922 4111 1003 4176 opus
1016 4093 1086 4178 περὶ
1103 4094 1185 4155 boo·

148 4177 242 4259 poiseo
258 4180 335 4256 Θεὲ,
349 4175 440 4264 cujus
455 4176 585 4262 quidem
602 4175 714 4242 titulus
728 4176 769 4240 ad
787 4176 934 4241 notitiam
949 4173 1021 4261 ejus
1034 4197 1184 4260 pervene-
