2716 4748
211 314 214 321 ’
266 343 331 414 374
603 328 962 396 Amorxrrouss

306 503 349 566 Et
363 499 438 566 satis
449 501 531 566 bene
543 498 685 568 fortassis
698 525 772 566 cum
786 500 846 566 hac
859 502 1057 588 expositione
1069 499 1219 567 convenit
1233 516 1303 568 tum

268 586 401 652 Eusebii
422 586 556 651 historia
581 585 613 653 in
637 589 721 653 notis
747 588 788 652 ad
814 586 999 653 Corrcrsrr
1025 588 1302 652 Cassnrxnsrs

269 672 498 760 Fragmentum
521 676 711 761 transcripta
734 697 772 738 su
790 696 840 754 ra,
865 688 935 738 tum
958 673 1102 739 Anatolii
1129 674 1304 738 Laodiceni

268 760 373 838 verba,
390 782 462 844 quae
478 758 559 822 infra
573 760 700 825 adduxi.
723 697 800 825 Vid.
814 782 889 846 pag.
902 774 973 824 384.
1010 760 1152 823 Constat
1166 774 1254 824 certe
1267 782 1304 824 ex

270 845 446 933 Polycratis
460 843 572 922 verbis,
585 871 656 934 quae
672 847 703 910 in
718 845 778 909 hac
794 845 929 932 epistola
943 868 1018 910 mox
1032 858 1225 932 sequuntur,
1236 844 1303 909 adra

268 931 375 1006 πάντες
396 932 527 1015 ἐτήρησαν
549 934 596 1007 τὴν
617 932 718 1018 ἡμέραν
739 931 991 1016 τεσσαρεσδεκᾶτης
1007 940 1056 995 τοῦ
1074 931 1172 1016 araxe
1192 935 1302 995 ΚΑΤΑ

267 1021 324 1082 ΤΟ
346 1020 622 1097 ΕΎΑΓΓΕΛΙΟΝ,
638 1019 700 1081 hoc
714 1016 788 1080 loco
802 1038 897 1102 agere
910 1018 1125 1082 venerandum
1142 1039 1253 1081 senem
1266 1017 1302 1081 de

268 1103 362 1183 festo,
373 1103 459 1189 quod
473 1113 586 1189 quarto
600 1102 726 1167 decimo
739 1102 789 1167 die
802 1103 886 1166 lunae
898 1123 972 1188 post
983 1103 1168 1188 exemplum
1183 1102 1302 1167 Christi

267 1189 299 1252 in
315 1187 479 1275 evangelio
496 1186 691 1253 celebratum
713 1201 771 1252 est.
815 1189 931 1273 Neque
953 1190 1060 1252 locum
1083 1188 1229 1275 neglexit
1249 1188 1301 1252 ad·

268 1273 383 1338 ducere
401 1273 617 1340 Moshemius.
657 1272 879 1339 Remittendus
895 1289 1000 1339 autem
1016 1276 1120 1339 lect'or
1135 1288 1185 1339 est
1201 1275 1243 1338 ad
1257 1275 1302 1359 ip·

269 1383 340 1424 sum
357 1360 620 1425 Moshemianum
636 1383 728 1448 opus,
744 1371 781 1423 ut
797 1360 886 1437 sciat,
905 1361 1019 1447 quibus
1041 1361 1086 1424 ibi
1106 1360 1300 1446 argumentis

266 1446 336 1510 haec
358 1445 466 1533 opinio
481 1469 500 1509 a
513 1448 630 1512 celebri
650 1447 803 1532 scriptore
823 1446 948 1510 Gallico
963 1448 1064 1510 Gabr.
1079 1446 1233 1524 Daniele,
1246 1447 1299 1511 Je-

268 1533 361 1612 suita‚
383 1533 521 1618 primum
545 1534 577 1598 in
600 1533 766 1620 publicum
792 1530 888 1610 edita,
911 1533 968 1596 sed
992 1555 1011 1596 a
1035 1532 1247 1596 Tillemontio
1269 1531 1300 1596 in

267 1617 368 1683 Mem.
385 1617 472 1682 Eccl.
488 1633 556 1684 not.
574 1635 599 1683 1.
616 1621 647 1683 in
665 1619 698 1683 S.
717 1617 833 1681 Victor.
858 1618 960 1682 fusius
982 1629 1182 1703 oppugnata,
1202 1617 1299 1704 expli·

266 1719 358 1770 cetur
372 1719 467 1791 atque
483 1706 670 1769 stabiliatur.
704 1702 850 1768 Eundem
865 1726 940 1768 vero
953 1703 1200 1768 Tillemontium
1211 1703 1298 1768 rideo

266 1791 298 1856 in
315 1805 381 1854 not.
397 1791 437 1853 ad
455 1789 630 1855 Historiam
644 1812 734 1854 suam
752 1788 880 1853 Consilii
895 1789 1020 1854 NJcoeni
1040 1803 1154 1875 postea
1172 1789 1299 1866 editam,

265 1890 344 1939 sect.
363 1890 409 1955 13,
430 1875 655 1960 Chrysostomi
679 1877 752 1939 loco
775 1875 915 1962 quodam
939 1874 1120 1954 inductum,
1142 1875 1298 1954 dubitare,

265 1983 305 2024 an
326 1982 431 2025 revera
453 1962 636 2046 pertineret,
653 1976 688 2024 ut
706 1972 779 2024 ante
800 1982 833 2023 se
854 1961 1017 2047 opinatum
1038 1961 1138 2025 fuisse
1155 1961 1214 2040 ait,
1232 1962 1298 2024 haec

265 2046 441 2132 disputatio
461 2045 500 2108 ad
522 2045 773 2133 exspectandum
793 2045 877 2109 diem
898 2046 1121 2125 Dominicum,
1140 2046 1223 2110 dum
1243 2047 1299 2112 ab·
1336 2089 1337 2093 =

264 2143 438 2197 servaretur
458 2132 687 2197 resurrectionis
705 2133 835 2209 festum,
850 2152 930 2195 anne
945 2132 1051 2218 potius
1071 2144 1144 2196 tum
1168 2145 1297 2220 tempo·

263 2218 317 2298 ris,
339 2218 387 2282 vel
409 2217 520 2283 saltem
545 2218 679 2305 posteris
705 2217 915 2303 temporibus,
939 2231 1145 2305 quaereretur,
1168 2218 1298 2305 quinam

263 2305 359 2369 fuerit
377 2303 443 2367 dies
462 2303 515 2370 ille
533 2305 618 2369 lunae
639 2302 771 2368 decimae
793 2315 925 2390 quartae,
947 2303 1002 2390 qui
1022 2303 1151 2389 paschae
1170 2317 1298 2390 tempus

262 2391 504 2455 demonstraret.

314 2476 376 2540 Sed
407 2477 534 2542 unicum
571 2489 684 2542 testem
717 2475 932 2561 Epiphaniam
967 2475 1057 2538 affert
1090 2475 1296 2540 Moshemius

261 2585 294 2649 p.
312 2575 481 2628 440—442.
507 2564 610 2649 operis
636 2562 734 2626 modo
758 2562 846 2640 dicti,
870 2585 935 2648 quo
957 2561 1154 2640 ostendatur,
1179 2576 1296 2625 veteres

263 2649 463 2713 Christianos
485 2647 572 2712 haud
593 2671 683 2713 secus
704 2671 740 2712 ac
757 2648 901 2723 Judaeos,
917 2660 1001 2710 stato
1017 2647 1067 2710 die
1082 2670 1213 2711 coenam
1228 2669 1297 2733 pas-

261 2734 386 2797 chalem
407 2734 564 2798 celebrare
587 2746 682 2820 atque
705 2756 826 2819 agnum
849 2732 1017 2797 comedere
1040 2733 1163 2811 solitoS,
1189 2734 1230 2796 ad
1250 2735 1292 2797 H.

261 2819 424 2884 Dodwelli
445 2820 561 2884 librum
578 2822 628 2883 De
647 2821 709 2884 Usa
724 2819 836 2882 'Hamis
857 2818 889 2882 ia
907 2818 1048 2881 Ecclesia
1070 2841 1128 2903 pro
1149 2819 1295 2905 pluribus

261 2904 452 2968 testimoniis
472 2928 529 2968 nos
548 2904 689 2989 relegare
705 2919 885 2969 contentus.
931 2906 968 2967 In
984 2905 1046 2968 hoc
1063 2918 1173 2968 autem
1190 2926 1294 2990 opere,

261 3005 431 3077 postquam
449 2989 553 3076 ipsum
566 2990 646 3054 mihi
658 2991 762 3055 videre
776 2990 922 3075 contigit,
934 3011 1035 3075 pauca
1050 3003 1175 3053 tantum
1195 2991 1293 3053 inveni

261 3078 301 3140 de
317 3097 450 3161 nupera,
467 3098 562 3162 quem
578 3089 668 3140 vocat
686 3076 885 3153 Dodwellus,
900 3098 960 3138 usu
976 3075 1185 3139 benedicendi
1201 3091 1293 3162 atque

261 3162 375 3227 edendi
396 3162 471 3247 agni
493 3160 650 3246 paschalis
674 3169 769 3226 causa
790 3162 1068 3247 quadragesimalis
1089 3161 1209 3248 jejunii
1234 3162 1294 3225 sol·

261 3248 363 3327 rendi,
386 3249 478 3334 cujus
502 3247 630 3333 quidem
654 3247 892 3312 consuetudinis
917 3247 1085 3332 originem,
1109 3248 1167 3310 sed
1191 3248 1293 3310 minus

261 3356 330 3397 vere
345 3335 469 3419 opinor,
486 3332 595 3396 Caroli
619 3335 735 3419 Magni
756 3333 955 3418 temporibus
976 3333 1059 3395 idem
1080 3333 1126 3395 vir
1142 3333 1185 3396 cl.
1203 3333 1293 3397 Dod-

259 3419 372 3482 wellus
384 3421 540 3483 ascribere
555 3419 687 3482 videtur.
706 3419 781 3483 Vid.
797 3440 828 3504 p.
841 3433 911 3496 207,
924 3432 992 3481 208.
1022 3419 1097 3504 Age
1113 3418 1216 3503 igitur
1226 3420 1292 3505 jam

260 3506 395 3568 alterum
409 3505 524 3568 addam
542 3519 716 3582 auctorem,
733 3505 787 3590 qui
810 3505 894 3567 hunc
915 3527 1036 3567 morem
1057 3527 1296 3568 commemora-

259 3592 313 3669 vit,
330 3592 566 3678 Hieronymum
584 3592 634 3653 De
652 3591 726 3654 Vita
743 3589 928 3654 Clericomm
942 3590 983 3652 ad
996 3589 1219 3674 Nepotianum.
1263 3591 1294 3652 ls

261 3677 423 3755 nimirum,
447 3691 618 3763 postquam
645 3677 734 3753 dixit,
758 3677 785 3740 si
810 3690 933 3740 tantum
960 3674 1081 3739 literam
1109 3696 1294 3760 sequamur,

260 3785 371 3826 omnes
398 3764 529 3826 omnino
556 3763 635 3825 ritus
660 3762 812 3826 Judaicos
835 3762 926 3825 nobis
949 3759 1190 3846 amplectendos
1215 3783 1294 3839 esse,

260 3849 331 3911 haec
357 3849 493 3911 scribere
517 3849 644 3933 pergit;
671 3849 848 3910 Crescamas
875 3858 904 3911 et
926 3844 1167 3931 multiplicemus
1193 3858 1224 3910 et
1246 3869 1296 3908 re-

255 3933 397 4019 pleamus
422 3945 546 4011 terram,
571 3955 630 3996 nec
655 3933 859 3997 immolemus
880 3954 1011 4017 agnum,
1034 3953 1091 3995 nec
1117 3933 1295 4018 mysticum

259 4019 377 4105 pascha
398 4020 607 4095 celebremus,
623 4019 697 4104 qriia
713 4019 779 4082 laec
792 4017 905 4105 absque
927 4016 1037 4102 templa
1051 4016 1128 4102 fleri
1146 4017 1295 4100 probide-

258 4128 338 4168 mar.
360 4126 434 4190 pag.
456 4120 499 4167 15.
520 4105 570 4167 ed.
595 4105 730 4168 Froben.
767 4105 887 4168 Verum
913 4103 982 4167 haec
1005 4117 1130 4167 tantum
1152 4104 1296 4188 probant

258 4190 333 4275 agni
354 4212 455 4269 esum,
477 4213 540 4253 uon
565 4190 642 4253 item
666 4202 793 4276 tempus
816 4188 943 4267 edendi,
967 4190 1119 4275 quoniam
1143 4190 1295 4254 novimus

256 4276 431 4340 obtinuisse
451 4297 574 4339 morem
595 4276 627 4339 iu
653 4276 787 4340 ecclesia
807 4277 961 4353 Romana,
976 4289 1012 4339 ut
1026 4272 1203 4340 Dominica
1219 4299 1293 4363 pas·
