2716 4748
321 275 374 341 m
403 268 548 343 merra
577 271 870 341 rasamenta.
1065 285 1113 360 25

86 457 172 528 tani3
187 459 265 511 tum
287 464 384 532 porro
405 468 445 511 ex
467 446 589 511 collatis
610 467 718 509 secum
743 442 876 507 invicem
898 442 1110 524 OEeumenio,

86 533 339 618 Theopbylacto,
352 532 484 616 aliisque
504 531 709 614 scriptoribus
723 530 882 593 evidenter
900 542 986 614 patet
1001 550 1108 608 causa,

85 641 141 683 cur
162 617 249 702 apud
272 638 384 681 omnes
409 619 486 692 lere,
509 631 623 702 praeter
647 615 878 679 OEcumeuiurn
901 614 1109 700 codicemque

87 702 315 767 Colelinianum
331 701 422 765 initio
440 716 525 769 notae
540 718 838 769 commemoratum,
853 699 924 762 duae
939 700 1007 762 istae
1022 700 1109 785 ῥήσεις

84 788 185 853 verbis
199 787 360 851 nonnullis
376 787 500 849 omissis
520 786 553 851 in
575 808 669 849 unam
684 785 871 860 coaluerint,
884 785 970 869 quod
986 785 1109 847 factum

84 887 131 937 est
156 895 196 937 ex
221 872 409 957 repetitione
432 893 557 948 vocum,
581 872 623 933 ἐπὶ
644 874 760 933 rosires
780 873 828 946 siu
847 869 953 956 σάρκα,
970 866 1023 940 cist
1047 869 1108 933 &c-

84 959 159 1023 Istae
173 959 291 1021 etenim
308 957 500 1024 narrationes
522 978 623 1042 neque
645 957 726 1018 inter
748 977 781 1018 se
803 976 942 1039 unquam
960 954 1108 1039 primitus

83 1043 212 1109 fuerunt
231 1062 394 1118 connexae,
417 1063 518 1127 neque
541 1043 581 1104 ab
601 1039 803 1124 Apollinario
828 1040 931 1102 ambae
954 1040 1109 1125 profectae

84 1141 177 1205 sunt3
199 1126 347 1212 prohibet
369 1149 430 1206 non
452 1143 577 1191 tantum
599 1126 774 1189 eorundem
789 1126 955 1188 verborum
971 1123 1110 1202 iteratio,

83 1234 139 1277 seu
165 1234 253 1275 mera
278 1211 462 1294 ταυτολογία,
487 1233 593 1275 verum
620 1210 716 1273 etiarn
742 1210 881 1294 ipsorum
907 1207 1109 1292 ἐναντιολογία,

83 1296 355 1382 quandoquidem,
381 1297 408 1360 si
432 1318 506 1359 cum
533 1296 697 1380 posteriori
719 1297 793 1381 ῥήσει
817 1295 924 1370 facim,
946 1294 1109 1358 deseratur

81 1382 162 1447 illud
175 1383 217 1446 de
227 1382 312 1445 luda
323 1403 380 1466 per
388 1381 569 1446 uehiculum
580 1382 620 1444 ad
635 1396 769 1444 mortem
784 1402 892 1464 presso
902 1381 966 1442 fere
978 1400 1109 1455 necesse

81 1482 140 1531 est.
187 1468 314 1530 Rectius
329 1488 409 1550 ergo
424 1489 494 1530 mea
508 1466 637 1552 quidem
652 1467 817 1541 sententia,
830 1480 941 1527 contra
955 1486 1050 1550 quam
1066 1465 1110 1528 ab

83 1553 151 1617 aliis
168 1564 280 1637 postea
291 1553 412 1615 factum
426 1567 486 1627 est,
498 1551 682 1614 absurdiora
703 1551 762 1613 ista
784 1552 824 1611 ab
850 1548 1009 1613 Halloixio
1025 1551 1110 1625 Gra·¹

82 1638 202 1724 bioque
222 1659 296 1702 cum
317 1637 443 1700 silentio
468 1637 651 1700 transmissa
668 1649 753 1713 sunt,
768 1634 908 1719 alioquin
930 1634 1034 1720 Papiae
1049 1655 1109 1698 no·

80 1743 156 1787 men
171 1738 268 1808 atque
281 1722 544 1785 existimationem
562 1722 698 1806 graviter
712 1742 865 1804 pressura.

124 1810 223 1871 Porro
233 1810 301 1894 jam
314 1807 392 1871 olim
408 1829 544 1891 magnus
560 1807 613 1869 ille
626 1806 836 1869 Casaubonus
851 1827 872 1867 a
888 1804 981 1888 Papia
994 1803 1108 1869 eadem

82 1892 299 1978 abjudicavit3
332 1891 376 1955 ita
400 1893 484 1955 enim
512 1893 542 1955 in
566 1890 707 1955 Exercit.
731 1911 811 1955 xva.
834 1891 903 1953 otiu.
927 1890 1109 1969 Rutunium,

82 1991 159 2042 sect.
173 1984 223 2055 69.
238 1977 357 2054 scribit,
374 1984 395 2014 “
408 1976 505 2064 Quod
525 1990 616 2040 vocat
635 1977 791 2040 Batonius
808 1975 840 2038 in
864 1975 1031 2052 ‹lubium,’'
1050 1982 1110 2057 (sc.

83 2062 122 2125 ad
144 2063 209 2125 An.
232 2061 352 2126 Christi
365 2075 414 2126 34.
436 2084 467 2146 p.
487 2068 552 2138 196.
574 2062 624 2125 ed.
645 2063 813 2145 Antverp.)
831 2067 851 2099 “
867 2082 906 2123 an
925 2061 987 2124 sint
1006 2061 1110 2131 haeca

84 2146 218 2232 “Papia
243 2147 458 2211 vetustissimo
479 2147 632 2232 scriptore
654 2147 805 2232 profecta,
826 2144 925 2208 facilis
944 2146 1108 2230 responsio

82 2238 103 2272 “
116 2246 183 2308 est;
208 2232 294 2318 prior
313 2232 450 2295 narratio
472 2232 600 2311 fabulae,
622 2245 657 2296 ut
679 2244 859 2295 auctorest
883 2232 1109 2310 OEcumenius,

83 2317 249 2402 “Papiam
268 2330 430 2384 auctorem
449 2316 750 2403 habuit,‘pusterior
770 2317 835 2401 pari
855 2315 979 2379 licentia
995 2332 1110 2402 postea
1206 2388 1207 2393 η

83 2408 169 2466 “est
191 2401 405 2487 excogitata.'’
451 2403 532 2465 Haec
555 2401 776 2466 Casaubonus.
822 2400 1009 2465 Gallandius
1034 2422 1111 2473 vero,

84 2487 323 2572 Prolegomenis
347 2487 379 2549 in
407 2485 555 2551 Bibliotli.
581 2490 648 2551 ΡΡ.
675 2509 744 2571 cap.
760 2509 790 2549 x.
812 2509 843 2571 p.
859 2493 907 2560 67.
924 2485 1110 2550 nullafacta

83 2571 263 2638 istiusmodi
287 2571 490 2636 distinctione
513 2595 585 2636 cum
607 2571 814 2636 Tillemontio
832 2571 878 2635 ait
897 2593 937 2633 se·
951 2570 1109 2650 dubitare,

82 2679 121 2721 an
139 2679 282 2743 unquam
302 2657 355 2720 illa
376 2658 417 2721 de
438 2657 532 2722 Judae
551 2672 654 2721 morte
670 2657 927 2743 Hierapolitanus
940 2654 1116 2743 episcopus

81 2742 178 2806 literis
195 2742 400 2828 consignarit.
444 2742 529 2806 Mihi
543 2743 684 2828 quidem,
699 2742 738 2806 ad
753 2741 919 2825 γνησιότητα
933 2741 1018 2826 quod
1033 2741 1111 2818 atti,

83 2843 134 2893 net
161 2828 348 2892 narrationis
373 2827 499 2912 prioris,
519 2828 668 2892 standum
690 2828 811 2892 videtur
834 2827 893 2890 lide
916 2827 1109 2912 Apollinaris

83 2923 177 2997 supra
203 2912 308 2989 allati;
330 2934 403 2975 nam
427 2935 530 2998 usque
554 2914 594 2977 ad
619 2916 688 2999 ejus
710 2928 743 2978 et
765 2913 955 2999 Hieronymi
1003 2933 1110 2998 noque,

82 3009 229 3082 tempora
249 2999 335 3081 ipsos
356 2999 549 3082 superfuisse
570 2999 666 3063 libros
679 2999 806 3083 -Paptae,
821 3020 915 3083 supra
928 2997 969 3060 ad
1021 2997 1117 3062 iero?

83 3083 171 3168 nymi
187 3083 228 3147 de
244 3083 340 3168 Papia
354 3096 450 3167 caput
463 3084 599 3148 ostendi.
642 3083 805 3148 Caeterum
826 3097 1021 3146 memoratur
1036 3082 1110 3168 qui·
1159 3150 1163 3159 ,

81 3167 167 3247 dem,
183 3182 219 3231 ut
234 3167 296 3231 hoc
311 3167 385 3234 loco
399 3167 431 3231 id
446 3182 566 3246 n'otem,
579 3170 613 3233 in
629 3168 777 3257 Catulogo
790 3166 994 3231 Bibliothecae
1004 3167 1111 3254 Lugd..

81 3253 158 3317 But.
173 3253 216 3316 ad
235 3274 310 3338 pag.
321 3266 390 3317 400.
406 3252 598 3336 Apollinaris
619 3255 657 3318 de
677 3253 835 3338 suspendio
849 3254 954 3330 Judoe,
969 3251 1026 3317 sed
1041 3252 1110 3317 for·

80 3337 165 3403 sitan
180 3338 266 3402 istud
280 3339 433 3407 ea'bteuis
447 3345 521 3423 ῥῆσις
534 3354 594 3418 est,
608 3362 704 3424 quam
720 3339 772 3403 hic
786 3337 956 3402 afferimus.

124 3425 160 3487 P.
172 3442 204 3501 9.
219 3422 241 3487 l.
255 3438 286 3486 3.
306 3425 433 3510 σςηθεὶς
450 3424 525 3508 &c.]
541 3425 654 3489 Varias
672 3425 867 3489 eruditorum
884 3421 1054 3487 sententias
1068 3421 1113 3489 de

79 3507 212 3573 interitu
226 3508 320 3572 Judae
336 3508 517 3593 proditoris,
532 3532 610 3595 quas
630 3511 662 3574 in
684 3508 929 3574 Commentariis
949 3507 989 3572 ad
1010 3510 1110 3594 Matt.
1154 3573 1156 3577 ,

80 3593 174 3657 xxvii.
189 3607 223 3657 et
236 3593 312 3656 Act.
328 3593 349 3656 l.
368 3593 579 3679 protulerunt,
594 3597 759 3681 ipsamque
781 3597 822 3659 Pa
846 3595 884 3657 iae
906 3593 1110 3659 traditionem

79 3698 100 3741 a
119 3677 368 3764 Theophylacto
389 3692 423 3742 et
444 3679 620 3766 Euthymio
634 3681 666 3743 in
682 3701 752 3765 cap.
764 3691 813 3754 27.
824 3617 979 3742 blatthaei
993 3700 1112 3764 appro·
1135 3666 1144 3689 ⁰

78 3763 190 3827 batam
206 3763 291 3826 haud
302 3763 504 3830 examinabo.
535 3763 573 3828 la
588 3764 693 3829 solum
709 3781 860 3829 annotare
874 3764 988 3849 placet,
1000 3775 1113 3828 aucto·
1157 3815 1160 3820 .

79 3869 131 3910 res
153 3846 312 3932 opinionis
333 3869 354 3912 a
376 3850 472 3935 Papia
493 3848 617 3914 traditae
638 3851 753 3919 Actor.
764 3849 785 3913 i.
802 3873 830 3913 v.
845 3862 891 3914 18.
911 3849 1008 3914 videri
1030 3847 1111 3914 mibi

80 3929 199 4017 legisse
223 3935 350 4019 ωςηθεὶς
374 3955 433 4018 pro
457 3938 571 4019 πρηνὴς,
598 3935 646 3999 uti
668 3936 774 3999 Graeci
797 3933 934 3998 Codices
952 3948 986 3999 et
1008 3934 1113 3998 Interd

104 4033 190 4081 retes
210 4015 364 4082 hactenus
378 4018 500 4104 vulgati
517 4040 628 4083 omnes
643 4019 774 4084 habent.
805 4021 993 4084 Gaantus.
1036 4020 1111 4083 Du·

80 4039 164 4179 lito,
189 4125 229 4166 an
254 4118 339 4167 recte
362 4103 487 4168 dicatur
510 4104 705 4204 Euthymius
721 4127 802 4170 cum
827 4105 923 4190 Papia
948 4105 982 4169 in
1008 4117 1114 4168 morte
1146 4176 1147 4181 η

78 4186 176 4275 Judaej
204 4187 361 4280 tradenda
385 4188 563 4271 convenire,
590 4211 710 4283 quippe
737 4210 814 4276 cum
841 4203 956 4270 narret,
977 4187 1114 4269 ludam,
1161 4258 1165 4264 ,
