2716 4748
372 298 424 364 IN
445 296 716 363 ARISTONEM
739 296 983 386 PELLAEUM.
1137 318 1195 363 101
1271 242 1280 247 ··

154 464 266 544 luisse,
274 469 416 553 'cumque
426 466 454 531 is
464 466 715 553 disputationem
724 465 851 531 laconis
861 467 895 529 et
905 464 1028 552 Papisci
1037 465 1193 553 allegans

152 550 283 615 Jasonis
302 551 501 615 mentionem
524 573 544 614 a
566 554 656 615 Luca
671 553 755 615 forte
778 552 895 614 factam
913 550 1037 628 dixerit,
1056 552 1100 633 (in
1115 552 1195 616 actis

154 634 279 699 scilicet
292 636 555 721 Apostolorum)
566 635 643 699 haec
662 635 746 699 rnalc
765 634 806 699 ad
826 635 927 720 ipsam
943 633 1194 721 disputationem

153 718 257 787 relata
269 726 350 783 esse.
395 721 448 783 De
463 735 586 807 septem
602 734 712 785 autem
728 721 818 783 coelis
833 719 905 783 vide
921 720 1080 782 lrenaeum
1095 720 1151 783 lib.
1166 722 1193 782 Ι.

153 824 182 867 c.
198 804 221 868 i.
245 805 277 887 ᾗ.
293 821 324 882 9.
346 817 381 868 et
401 804 645 868 Testamentum
667 803 744 867 Levi
767 805 798 886 ξ.
820 818 849 867 3.
876 817 957 867 tom.
975 804 1003 866 Ι.
1031 804 1196 889 spicilegii

151 908 185 975 p.
203 902 272 965 159.
297 888 409 969 'Addo
423 887 477 952 hic
491 902 605 953 notatu
619 889 754 973 dignum
769 889 879 951 locum
901 910 940 950 ex
962 887 1045 951 libro
1064 889 1195 974 Sopho-

152 971 216 1036 πίε
224 973 360 1037 citatum
372 995 390 1035 a
400 971 571 1037 Clemente
580 972 798 1036 Alexandrino
809 972 901 1035 lib.v.
911 973 1030 1035 Strom.
1041 987 1194 1058 pag.585.

147 1053 216 1142 'up'
228 1059 293 1205 οξ(
308 1054 389 1139 ὅμοια
402 1064 496 1121 ταῦτα
508 1059 629 1131 τοῑςῦπό
643 1055 764 1141 Σοφονίᾳ
778 1061 909 1140 λεχθεῖσι
923 1063 971 1118 τοῦ
985 1059 1128 1140 προφήτου
1140 1081 1150 1134 3
1172 1059 1194 1142 a}

150 1139 243 1205 Μλα
262 1141 338 1222 irps
353 1149 478 1223 maipa,
493 1143 540 1205 nal
555 1141 700 1225 ἂνῆνεγκέν
712 1167 749 1222 με
764 1146 799 1214 εἰς
814 1142 922 1227 οὐρανὸν
936 1140 1114 1227 stipamur}
1130 1146 1194 1204 ἔθε-

149 1222 237 1309 &pom
250 1224 392 1310 ἇγγίλους
405 1224 567 1308 καλαμίνας
586 1224 711 1311 Κυρίους·
736 1227 783 1287 καὶ
803 1226 835 1287 τὸ
856 1226 974 1307 διάδημα
988 1229 1078 1288 αὐτῶν
1091 1227 1195 1291 ἐπικεί-

147 1332 235 1389 μνον
244 1313 272 1371 ἐν
283 1311 425 1392 πνεύματι
439 1310 524 1397 ἁγίῳ·
548 1311 596 1372 καὶ
610 1308 640 1386 ἦν
654 1310 754 1381 ἑκᾶςου
768 1314 857 1371 αὐτῶν
871 1314 884 1371 ὁ
898 1310 991 1395 θρόνος
1005 1309 1196 1372 ΙπΙαπλάσΙων

147 1394 242 1473 φωτὸς
254 1393 345 1456 'Halo
364 1393 574 1468 &sariuntur
597 1399 724 1467 οἰκὲντας
738 1397 765 1456 ἐν
778 1397 849 1467 ναοῖς
863 1394 1009 1479 σωτηρίας,
1024 1394 1045 1479 ’lt
1061 1399 1198 1482 ὑμ1ἓντας

148 1478 228 1541 Θεὸν
248 1475 362 1565 appara
382 1478 491 1552 ὕψιςον.
530 1480 642 1543 Annon
657 1478 724 1540 ltaec
737 1488 808 1541 sunt
825 1477 943 1541 similia
957 1478 1006 1555 iis,
1022 1500 1095 1564 quoe
1109 1478 1197 1555 dicta

148 1571 228 1626 sunt
253 1583 274 1625 a
299 1562 456 1646 Propheta
484 1563 668 1647 Sophonio?
706 1563 752 1625 Et
778 1562 945 1646 assumpsit
971 1584 1022 1624 me
1048 1562 1195 1647 Spiritus,

152 1645 290 1731 (inquit)
307 1657 339 1710 et
353 1647 483 1711 sustulit
497 1670 547 1711 me
562 1649 594 1710 in
609 1648 756 1733 quintum
771 1645 895 1722 coelum,
910 1657 941 1709 et
964 1646 1197 1730 contemplabar

149 1730 187 1795 A
229 1728 304 1810 elas,
335 1731 390 1819 qui
419 1731 549 1795 Domini
577 1731 776 1808 vocabuntur,
810 1730 1068 1814 (Dominctiorres,
1100 1732 1196 1816 jux'ta

151 1752 286 1879 clins.
302 1815 326 1880 i.
344 1816 573 1902 16.·Ephes.·i.
587 1820 651 1898 21.)
677 1827 706 1879 ct
728 1815 873 1879 diademo
894 1837 998 1879 eorum
1015 1815 1195 1901 impositum

151 1898 188 1963 t'n
204 1897 328 1984 Spiritu
343 1900 477 1965 Sanctoe
501 1911 532 1964 et
545 1912 614 1964 erat
628 1901 712 1964 sedes
723 1900 962 1986 onirucujosqae
975 1922 1078 1963 eorum
1092 1911 1197 1984 septu-

147 1982 205 2068 plo
219 1984 323 2047 ma'or
337 1983 405 2048 loce
421 1984 502 2051 Solis
520 1985 647 2049 orientis
659 2012 669 2046 .-
695 1985 871 2048 habitantes
885 1986 917 2048 in
932 1984 1056 2068 templis
1071 1985 1195 2063 salutis

151 2077 183 2131 01
298 2079 368 2133 ntes
382 2071 487 2133 Deum
499 2069 692 2156 ineffabilem
706 2069 905 2133 altissimum.
948 2070 1033 2156 Quae
1048 2091 1121 2133 cum
1138 2091 1196 2132 ne·

152 2170 219 2240 que
239 2151 275 2217 in
296 2154 438 2219 Hebraeo
459 2168 562 2233 textu,
578 2176 683 2241 neque
698 2155 729 2218 in
746 2156 851 2218 LXX.
869 2154 1083 2237 Interpretum
1099 2154 1197 2218 versi-

152 2250 217 2302 one
238 2237 409 2325 Prophetae
428 2240 603 2325 Sophoniae
620 2240 787 2324 reperiam,
799 2261 838 2302 ex
852 2238 1054 2326 Apocrypho
1069 2240 1138 2324 ejus
1156 2239 1197 2301 li-

152 2321 226 2401 bro,
242 2321 301 2405 (de
314 2346 380 2409 quo
393 2323 464 2388 vide
479 2339 605 2388 tomum
620 2324 647 2386 Ι.
663 2324 827 2410 spicilegii
843 2345 875 2409 p.
890 2335 954 2386 134.
971 2336 1003 2386 et
1018 2328 1122 2408 sequ.)
1139 2323 1196 2387 de·

151 2420 385 2506 promptaesse
399 2409 549 2473 con‘icio.
572 2411 694 2473 Gnss.
733 2410 848 2471 Irenaei
862 2408 953 2472 locus
969 2430 989 2470 a
1002 2408 1127 2471 Grabio
1143 2409 1196 2473 hic

149 2491 327 2571 mdicatus,
348 2492 388 2556 de
406 2495 438 2558 V
470 2493 631 2557 entiniana
650 2498 788 2571 tantum,
807 2515 872 2556 non
893 2504 1002 2555 autem
1026 2492 1196 2570 catholica,

153 2577 315 2642 sententia
329 2578 409 2663 agit.
434 2580 488 2655 Et,
499 2579 654 2664 quicquid
668 2591 808 2664 nugatus
823 2590 873 2641 est
884 2577 1071 2641 Victorinus
1087 2579 1193 2642 Petav.

153 2662 206 2726 Do
217 2661 351 2726 Falrico
360 2662 490 2741 Mundi,
502 2663 588 2762 apud
605 2662 742 2727 Cavium
758 2663 846 2726 Hist.
861 2661 927 2725 Lit.
944 2675 1024 2729 torn.
1038 2662 1064 2724 Ι.
1080 2682 1111 2745 p.
1129 2674 1196 2741 149.

152 2767 265 2811 verum
287 2760 348 2825 est,
361 2748 450 2833 quod
472 2749 599 2834 scnpsit
619 2748 776 2832 Origenes
796 2748 828 2811 in
851 2748 907 2810 lib.
920 2745 963 2809 vi.
982 2747 1097 2810 Contra
1115 2747 1195 2811 Cels.

145 2828 242 2896 ‘Exta
262 2832 289 2894 li
312 2833 447 2918 οὖρανοὺς,
467 2832 484 2910 ἢ
506 2831 574 2907 ὅλως
595 2831 820 2920 περιωρισμένων
842 2832 958 2916 ἀριθμὸν
979 2835 1080 2909 αὐτῶν,
1098 2837 1128 2893 αἶ
1146 2850 1199 2915 pe-

152 2916 318 3004 plpuwpir
341 2919 403 2991 ταῖς
430 2917 592 2995 ἐκκλησίαις
617 2924 665 2981 τοῦ
693 2921 768 2980 Θεοῦ
798 2920 846 2979 οὐκ
877 2921 938 2979 ἀπα
984 2915 1096 2978 ἔλλουσι
1122 2942 1198 3001 γρα-

180 3000 219 3067 ’.
244 3021 316 3086 cap.
333 3015 385 3064 21.
429 3002 530 3089 Quod
553 3014 660 3065 autem
684 3000 726 3064 ad
773 3022 903 3064 ersonas
928 2939 1050 3084 ‹lilogi
1071 3001 1198 3080 attinet,

150 3018 227 3150 mc
249 3086 360 3171 accipe
380 3106 420 3149 ex
441 3086 483 3149 cl.
505 3085 670 3150 Gallandii
692 3022 876 3170 Prolegom.
899 3085 921 3148 l.
937 3106 975 3148 ο.
988 3091 1012 3123 “
1027 3084 1199 3170 Conjicere

150 3175 177 3215 “
192 3168 318 3256 placuit
332 3170 455 3234 Grabio
474 3174 591 3254 (antea)
606 3172 756 3234 Jasonem
773 3170 949 3233 Hebraeum
965 3167 1198 3249 Christianum,

151 3259 177 3295 “
190 3266 225 3318 et
247 3254 417 3339 Papiscum
435 3254 588 3319 Judaeum
604 3254 858 3318 Alexandrinum
873 3255 956 3317 inter
975 3275 1010 3315 se
1031 3253 1199 3338 disputan-

149 3344 179 3388 ‘5
191 3350 253 3415 tes,
269 3338 358 3402 fictas
375 3339 474 3404 fuisse
496 3360 660 3424 personas,
675 3350 714 3402 ut
727 3339 760 3401 in
774 3338 871 3402 Dialo
897 3338 922 3400 is
938 3337 1005 3401 fieri
1020 3337 1198 3402 consuevit.

150 3422 279 3486 “Aliis
307 3434 417 3488 tamen
445 3424 538 3488 aliter
564 3424 679 3488 visum.
730 3422 838 3486 Sixtus
868 3360 1015 3486 lenensis
1066 3423 1198 3503 nimum,

152 3512 178 3546 ‘⁶
192 3507 281 3571 Bibl.
296 3507 405 3571 Sanct.
419 3509 478 3573 lib.
489 3509 522 3571 ii.
536 3529 570 3594 p.
584 3520 633 3583 71.
648 3506 725 3570 edit.
739 3507 836 3570 Paris.
854 3513 940 3570 1610.
954 3444 1070 3570 deinrllr
1085 3510 1198 3571 Parne-

151 3596 178 3631 “
191 3590 256 3656 lius
276 3592 311 3655 in
322 3605 399 3656 not.
414 3591 456 3656 ad
472 3613 585 3680 opusc.
601 3592 641 3655 de
655 3591 775 3656 Incred.
791 3591 866 3655 Jml.
886 3591 971 3682 inter
991 3613 1069 3677 opp.
1093 3592 1197 3679 Cypr.

152 3681 179 3715 “
193 3697 278 3762 quos
299 3688 430 3741 secutus
452 3692 501 3741 est
522 3677 756 3755 Bartoloccius,
773 3676 796 3739 Ι.
810 3697 839 3739 c.
861 3676 984 3760 opinati
1003 3688 1088 3754 sunt,
1103 3678 1199 3742 Jaso·

151 3764 180 3800 “
193 3781 269 3824 nem
289 3759 389 3825 istum
411 3761 552 3825 eundem
567 3762 666 3826 fuisse
682 3783 757 3824 cum
771 3762 890 3825 Jasonc
909 3760 1200 3840 Thessalonicensi,

151 3845 289 3930 “cujus
314 3847 531 3910 meminerunt
554 3849 660 3910 Lucas
685 3846 718 3910 in
742 3846 836 3909 Actis
860 3845 933 3909 xvii.
956 3861 987 3908 5.
1013 3859 1047 3911 et
1069 3847 1199 3910 Paullus
1256 3854 1259 3859 '

152 3932 181 3979 ‘-‘
195 3929 367 3996 Rom-xvi.
379 3945 429 3995 21.
445 3931 534 3994 nullo
557 3944 667 3995 tamen
687 3951 706 3993 e
727 3932 858 3995 vetustis
879 3931 1089 4016 scriptoribus
1108 3932 1185 3994 testi

153 4018 180 4055 “
194 4012 307 4078 monio
320 4014 510 4083 inmedium
525 4016 682 4093 adducto,
692 4028 730 4079 ut
764 4014 875 4079 roinde
892 4016 1064 4100 Spencero,
1074 4017 1199 4079 Annot.

154 4097 248 4163 “·ad·
263 4096 322 4163 lib.
346 4099 387 4165 iv.
411 4101 561 4187 Origenis
588 4099 717 4163 Contu·
760 4099 817 4163 els.
842 4121 875 4184 p.
891 4112 941 4175 57.
977 4099 1200 4177 Tillemontio,

153 4187 181 4223 ‘⁶
195 4183 302 4249 Mem.
315 4185 406 4252 Eccl.
421 4198 505 4254 torn.
515 4185 549 4251 ii.
557 4205 596 4274 p.
614 4197 681 4261 139.
695 4195 729 4248 et
741 4194 778 4249 n.
788 4206 821 4272 p.
834 4199 903 4250 5⁵2.
919 4185 1054 4272 aliisque
1069 4183 1201 4272 conjec-

653 4288 677 4332 Η
692 4281 709 4332 3
