2716 4748
335 683 651 787 AGRIPPA
696 686 1002 789 CASTOR.

493 998 850 1041 nna—*na—

223 1214 262 1288 S.
286 1212 562 1309 Hraaomuus
582 1217 665 1293 Lib.
685 1220 748 1293 De
769 1220 876 1293 Viris
894 1211 1132 1315 Illastridus,

522 1378 600 1450 cap.
614 1353 690 1427 xxi.
707 1380 744 1452 p.
758 1365 817 1444 87.

147 1512 407 1640 AGRIPPA,
425 1564 671 1650 cognomento
688 1552 830 1645 Castor,
847 1555 902 1628 vir
919 1553 1024 1629 valde
1048 1555 1190 1648 doctus,
1315 1550 1318 1555 ’

150 1668 362 1742 ²adversum
381 1669 510 1770 viginti
529 1685 686 1768 quatuor
707 1673 881 1748 Basilidis
905 1675 1067 1749 haeretici
1088 1677 1192 1750 volu·

150 1793 278 1884 mina,
294 1820 376 1891 quae
405 1796 444 1869 in
473 1795 718 1897 Evangelium
749 1801 965 1893 confecerat,
994 1801 1192 1876 fortissime

150 1922 335 2012 disseruit,
357 1922 515 2022 prodens
542 1914 626 2020 ejus'
649 1927 816 2001 universa
840 1929 1025 2029 mysteria,
1050 1941 1087 2002 et
1107 1955 1192 2029 pro·

148 2043 280 2144 phetas
304 2069 533 2137 enumerans,
549 2045 751 2120 Baroabam
770 2060 808 2121 et
828 2048 983 2139 Bareoh,
1001 2061 1039 2122 et
1055 2048 1101 2122 ad
1119 2061 1192 2123 ter·

151 2192 272 2239 rorem
298 2165 526 2241 audientium
552 2167 623 2240 alia
648 2167 816 2266 quaedam
844 2171 995 2243 barbara
1016 2171 1191 2247 nominat

151 2289 218 2365 bet
237 2291 363 2365 Deum
386 2293 592 2367 maximum
615 2294 691 2391 ejus
714 2293 891 2385 Abraxas,
914 2295 976 2392 qui
1001 2295 1102 2392 quasi
1128 2321 1194 2368 an·

154 2440 245 2487 num
279 2415 472 2488 continens
509 2415 591 2512 (for.
624 2415 767 2516 legend.
798 2415 994 2512 continet),
1026 2415 1055 2488 si
1083 2415 1193 2512 juxta

143 2530 369 2611 'Graecorum
387 2565 581 2614 numerum
600 2551 827 2639 supputetur.
872 2538 1040 2611 Moratus
1057 2549 1112 2611 ast
1129 2562 1196 2610 au·.

155 2665 228 2735 teni
251 2660 444 2753 Basilides,
463 2690 484 2735 a
508 2689 580 2761 quo
600 2663 778 2754 Gnostici,
796 2663 836 2736 in
853 2661 1076 2767 Alexandria
1098 2646 1192 2735 tem·

156 2783 304 2880 poribus
318 2782 516 2858 Hadriani:
535 2812 607 2883 qua
624 2797 840 2885 tempestate
857 2797 895 2857 et
909 2784 1099 2858 Cochebas
1116 2783 1194 2859 dux

158 2902 321 2978 Judaicae
338 2904 518 2998 factionis,
534 2905 762 2979 Christianos
778 2905 886 2979 variis
904 2904 1090 3004 suppliciis
1107 2930 1194 2982 ene·

160 3030 261 3103 eavit.

196 3236 209 3267 ⁸
229 3228 301 3288 Non
314 3231 357 3288 ait
374 3229 516 3287 Eusebius
533 3230 692 3307 Agrippam
705 3226 785 3285 libris
799 3226 855 3284 illia
874 3225 1008 3283 Basilidis
1023 3225 1071 3285 24.
1087 3225 1191 3303 laumas

100 3402 103 3407 .
163 3352 238 3392 auum
254 3336 377 3415 (pridem
389 3335 581 3414 deperditum)
597 3333 775 3412 opposuisse,
790 3342 876 3408 atque
894 3331 966 3388 adeo
983 3349 1033 3388 eos
1052 3348 1087 3388 ex
1106 3331 1192 3387 insti·
1234 3358 1237 3365 ¹

162 3450 220 3499 tuto
240 3440 416 3509 confutasse,
435 3441 485 3498 sed
504 3449 618 3498 tantum
638 3456 738 3495 eorum
757 3435 859 3494 fecisse
879 3434 985 3493 alicubi
1005 3436 1192 3497 mentionem.

162 3544 335 3605 Pannissus.

195 3647 210 3688 θ
231 3648 408 3709 Theoddret.
427 3645 500 3709 alm
519 3646 544 3706 di
565 3647 607 3706 sla
629 3643 748 3728 ἆςχοντα
763 3648 845 3705 αὐτῶν
861 3658 938 3722 φησιν
952 3639 1097 3723 Ἀἔμισάᾼ
1112 3646 1127 3708 ἦ
1142 3640 1195 3730 79⁸3
1226 3696 1233 3711 ,

162 3757 243 3833 ψῆφος
258 3763 304 3815 τοῦ
322 3758 442 3830 inipetu<
455 3760 504 3814 τῧν
518 3753 571 3824 ’1ξὲ
584 3754 676 3831 riparia
689 3752 806 3824 σημαίνοι
821 3750 862 3808 sis
877 3746 993 3829 σῖςιῦμον.
1027 3748 1092 3807 Nee
1110 3748 1193 3808 ablu·

160 3859 198 3918 dit
217 3860 410 3940 Epiphanius.
451 3857 581 3931 Uterque
605 3873 672 3911 vero
695 3853 808 3930 scripsit
829 3849 981 3930 Ἀξρασάξ5
1004 3851 1105 3912 Latini
1121 3871 1191 3912 vero

159 3962 321 4043 plerumque
334 3958 475 4042 ’Adem
486 3958 563 4036 quod
577 3957 645 4014 satis
659 3954 822 4021 indifferens
837 3973 898 4011 essa
909 3954 1030 4013 videtur.
1050 3956 1192 4017 asserunt

158 4078 251 4131 autam
264 4066 307 4127 illi
319 4063 449 4146 Ἀῦράξας
463 4081 524 4121 esse
541 4079 647 4119 nomen
659 4060 744 4138 primi
758 4078 791 4116 ac
805 4059 942 4138 precipui
955 4060 1031 4128 coeli,
1046 4060 1123 4137 quod
1136 4080 1190 4120 uu·

157 4188 265 4235 nerum
280 4188 412 4230 cccuxv.
430 4170 461 4226 in
474 4187 504 4226 se
518 4167 675 4225 contineat.
716 4165 748 4223 Si
762 4163 839 4224 euim
851 4165 990 4251 singulas,
1004 4164 1107 4245 quibu·
1120 4184 1190 4229 con.

196 4290 331 4337 vot-1.
656 4283 680 4329 G
