2716 4748
248 277 293 351 54
444 326 447 331 ,
514 259 784 351 scarpum:
820 256 1016 329 sucum.
1079 360 1081 365 Ι

250 437 358 495 bantur
390 436 451 493 sine
486 436 578 493 carnis
614 434 742 493 libidine.
791 432 894 517 σαρκὸς
907 433 1006 509 ἡδονῆς·
1029 432 1060 495 οὔ
1075 435 1133 517 γὰρ
1149 429 1181 509 ἦν
1197 430 1290 509 ἄλλος

251 554 316 615 Nec
340 556 417 612 enim
442 552 514 612 ulter
540 564 602 612 erat
627 554 742 633 aliquis,
792 531 873 607 θῦδῑῖς
889 530 1002 619 σπέρμα
1017 531 1130 616 ζωτικὸν
1150 533 1199 599 rud
1216 531 1289 599 riz-

792 656 843 697 νων
867 632 1032 722 &suprius
1055 633 1198 717 δυνάμενος
1223 637 1291 699 δοῦ-

252 803 288 862 s·
598 801 605 816 ,
697 810 700 815 Ι
793 759 835 816 von
859 737 968 815 adrosis,
994 731 1087 813 καθὼς
1111 732 1290 821 γέγραπται.

266 812 378 861 ructum
391 811 488 882 posset
501 803 567 860 dare
580 820 742 880 e1s‚quern·
794 836 889 892 (ΞΜ
904 837 961 893 haec
975 854 991 892 e
1008 835 1113 893 cmm
1123 836 1180 891 pp·
1191 837 1220 890 jn
1234 835 1291 892 Ge,
1299 847 1317 897 5

251 914 406 972 admodum
419 915 556 992 scriptum
570 923 622 973 est.
792 924 877 980 nesin.

251 1029 266 1071 ‘¹
277 1024 361 1079 Dicit
373 1029 463 1079 autem
476 1019 564 1094 neojur
582 1023 620 1079 ad
634 1024 764 1080 minorem
775 1048 785 1080 .·
808 1026 894 1082 Pater
906 1030 996 1082 noster
1006 1024 1095 1082 senus
1107 1029 1157 1090 est,
1171 1029 1199 1080 et
1210 1039 1292 1078 nemo

251 1135 292 1186 est
306 1146 387 1204 saper
401 1134 501 1187 terram
513 1132 557 1191 sc.

293 1232 354 1289 Ille
367 1232 482 1309 quidem
495 1231 560 1290 filie
574 1233 729 1291 secundum
742 1232 954 1313 simplicitatem
972 1241 1003 1290 et
1023 1231 1222 1289 innocentiam
1235 1248 1291 1310 pn·

253 1347 348 1397 tentes
363 1339 509 1396 universos
527 1339 658 1395 homines
672 1339 800 1418 periisse,
814 1337 1053 1417 quemadmodum
1067 1336 1247 1404 Sodomitas,
1262 1344 1292 1393 et
1303 1347 1341 1399 10

252 680 302 757 qui
328 697 425 736 semen
451 677 537 735 vitale
563 688 593 736 et
620 677 744 737 filiorum

251 1445 283 1501 in
297 1444 458 1501 universam
472 1452 577 1501 terram
590 1444 766 1502 iracundiam
779 1445 837 1502 Dei
850 1444 1056 1524 supervenisse,
1068 1440 1204 1500 dicebant
1215 1442 1292 1501 baec.

251 1549 436 1628 Quapropter
449 1557 478 1605 et
491 1549 559 1627 ipsae
574 1548 749 1606 excusabiles
764 1558 841 1617 sunt,
852 1549 1024 1607 arbitrantes
1038 1566 1069 1604 se
1082 1546 1158 1604 solas
1172 1545 1290 1604 relictas

250 1675 317 1715 eum
338 1655 425 1712 Patre
445 1674 498 1712 suo
519 1655 554 1711 ad
576 1655 823 1711 conservationem
844 1654 955 1730 generis
976 1652 1106 1719 humani,
1121 1659 1151 1708 et
1168 1658 1291 1729 propter

249 1762 307 1818 hoc
321 1759 582 1817 circumveniebant
594 1768 714 1837 patrem.
750 1759 807 1816 Per
820 1758 907 1816 verba
920 1767 1016 1816 autem
1029 1776 1128 1815 earum
1140 1754 1291 1832 signifiea-

248 1866 346 1934 batur,
365 1868 508 1923 neminem
530 1884 591 1922 esse
610 1863 731 1923 alterum
749 1866 800 1942 qui
816 1866 909 1944 possit
927 1863 1052 1922 filiorum
1070 1861 1289 1939 generationem
1301 1873 1338 1923 1-5

247 1971 354 2050 majori
377 1980 407 2029 et
426 1971 531 2029 minori
555 1989 709 2048 synagogae
730 1978 876 2048 prestare,
898 1989 985 2047 quam
1007 1968 1122 2026 Patrem
1144 1975 1289 2025 nostrum.

248 2076 338 2134 Pater
364 2084 460 2133 autem
486 2075 597 2152 generis
625 2075 743 2132 humani
769 2074 898 2132 Verbum
928 2074 1010 2131 Dei:
1046 2071 1289 2150 quemadmodum

247 2174 365 2258 Moyses
381 2181 507 2237 ostendit
525 2180 641 2237 dicens:
670 2181 788 2237 ‘Nonne
806 2181 850 2237 hic
867 2182 923 2256 ipse
937 2181 1023 2237 Pater
1041 2186 1103 2236 tuus
1116 2179 1237 2254 possedit
1250 2185 1288 2246 te,

247 2288 355 2366 erfecit
369 2295 404 2356 te,
418 2295 446 2344 et
459 2289 560 2345 meavit
574 2289 628 2344 te?
662 2285 787 2347 Quando
801 2286 890 2362 igitur
902 2286 950 2342 hic
963 2283 1050 2342 vitale
1063 2301 1172 2353 semen,
1186 2284 1288 2352 idest,

248 2395 387 2473 Spiritum
404 2394 579 2450 remissionis
600 2400 783 2471 peccatorum
803 2410 956 2469 perquem
977 2390 1162 2458 vivificamur,
1184 2390 1340 2451 effnditw

247 2502 278 2558 in
292 2501 449 2557 humanum
462 2501 572 2576 genus?
596 2498 705 2556 Nonne
723 2507 804 2565 tune,
819 2516 884 2554 cum
903 2495 1128 2555 convescebatur
1145 2515 1212 2555 cum
1230 2496 1288 2555 ho-

247 2606 382 2674 minibus,
398 2614 428 2662 et
442 2605 561 2663 bibebat
582 2607 680 2662 viuum
699 2606 730 2662 in
751 2607 847 2663 terra?
867 2605 965 2662 ⁸Venit
985 2605 1072 2672 enim,
1086 2604 1191 2699 inquit,
1203 2605 1290 2681 filius

248 2712 362 2768 bominis
374 2712 543 2767 manducans
555 2718 582 2766 et
595 2711 703 2768 bibens:
722 2719 753 2766 et
771 2729 837 2768 cum
852 2709 1039 2779 recubuisset,
1054 2708 1242 2777 obdormivit,
1256 2717 1289 2766 et

247 2835 380 2873 somnum
389 2816 474 2892 cepit,
495 2815 743 2876 Quemadmodum
756 2816 859 2894 ipsein
869 2813 964 2872 David
975 2814 1061 2872 dicit:
1077 2815 1158 2891 tEgo
1168 2815 1289 2872 domiui

247 2928 275 2978 et
287 2939 409 2977 sunnam
424 2923 490 2995 cepi.
530 2919 571 2976 Et
589 2921 725 2995 quonium
744 2920 775 2976 in
793 2928 893 2976 nostra
906 2919 1169 2977 communicatione
1181 2928 1213 2976 et
1225 2920 1333 2978 vita25

246 3025 303 3082 boc
317 3024 430 3103 agebat,
446 3025 548 3082 iterum
562 3025 621 3080 ait:
644 3025 708 3081 uEt
723 3043 829 3082 somnus
846 3043 920 3082 meus
937 3027 1027 3082 suavis
1044 3024 1112 3082 mitt
1123 3023 1225 3101 factus
1237 3032 1287 3085 est.

246 3130 356 3189 Totum
369 3139 466 3188 autem
479 3130 693 3208 significabatur
706 3150 757 3208 per
770 3129 841 3198 Lot,
853 3131 990 3208 quoniam
1004 3150 1100 3188 semen
1115 3131 1206 3210 patris
1221 3151 1287 3188 om-

204 3270 209 3279 ·
247 3238 338 3304 nium,
353 3236 382 3292 id
395 3244 449 3303 est,
462 3235 583 3313 Spiritus
597 3233 665 3303 Dei,
676 3254 728 3312 per
740 3235 909 3312 qsremfucto
920 3243 984 3294 snut
996 3239 1097 3305 omniu,
1109 3237 1287 3295 commixtus

247 3351 277 3399 et
291 3342 387 3397 unitus
402 3349 445 3397 est
460 3343 548 3408 carni,
560 3342 616 3398 hoc
630 3350 684 3410 est,
696 3341 829 3419 plasmati
843 3359 913 3399 suo:
935 3360 987 3419 per
1000 3361 1086 3419 quam
1099 3343 1287 3402 commixtio-

248 3466 315 3504 nem
338 3456 368 3502 et
390 3448 528 3504 unitatem
549 3447 612 3504 duae
639 3466 803 3524 synagoge,
826 3447 855 3505 id
878 3455 931 3516 est,
953 3447 1016 3504 dure
1043 3448 1287 3525 congregationes
1295 3458 1337 3511 30

248 3551 452 3610 fructificantes
468 3571 503 3608 ex
516 3561 598 3630 patre
611 3571 664 3609 sno
677 3551 751 3609 filios
765 3553 844 3609 vivos
857 3551 922 3609 vivo
935 3551 1011 3609 Deo.
1299 3538 1306 3545 ”

288 3657 329 3714 Et
343 3676 408 3714 cum
421 3657 483 3714 bec
496 3656 607 3725 fierent,
622 3676 696 3714 uxor
708 3656 846 3714 remansit
864 3657 895 3714 in
912 3655 1055 3724 Sodomis,
1064 3653 1128 3734 jam
1141 3674 1204 3714 non
1218 3676 1289 3716 earo

248 3761 453 3840 corruptibilis,
478 3762 528 3820 sed
550 3772 646 3821 statua
668 3764 735 3821 salis
760 3783 870 3844 semper
891 3783 1019 3834 manens,
1039 3773 1069 3822 et
1091 3782 1143 3844 per
1165 3773 1288 3824 natura·

248 3867 427 3945 lineaque
448 3877 516 3925 sunt
537 3869 750 3928 consuetudinis
769 3869 906 3938 hominis,
920 3870 1073 3929 ostendens
1095 3871 1235 3947 quoniam
1256 3880 1289 3930 et
1353 3860 1357 3879 ¹

310 4105 403 4152 scen.
415 4104 466 4152 xix.
478 4114 570 4168 enan
665 4106 892 4156 ‘Deutxmts
950 4112 954 4116 ·
1031 4108 1119 4158 ⁸Mrt.
1131 4108 1165 4157 xi.
1178 4119 1220 4162 19.

312 4194 321 4223 ³
342 4193 381 4244 Ps.
392 4194 440 4244 cxi.
451 4201 475 4244 6.
660 4199 674 4228 ¹¹
689 4197 781 4247 Jerem.
791 4197 859 4247 xxxi.
871 4205 912 4248 ⁹⁶.
