2716 4748
446 304 766 389 nummio,
1061 297 1135 392 ni

77 492 173 566 mibi
210 516 361 593 opem
399 492 639 589 studiumque
671 491 823 589 periisse
856 487 1127 565 existimabam.

79 614 176 696 Quis
196 628 254 688 est
273 617 458 706 omnium,
479 615 641 713 exempli
661 614 790 712 gratini,
814 612 906 709 quin
928 612 1054 710 magni
1074 612 1130 685 fa-

77 737 378 812 eiat-accuratam
396 737 690 836 praestantissimi
703 734 985 834 Wyttenbacbii
1001 735 1131 834 dispu-

77 861 256 934 tationem
277 860 325 933 de
345 860 442 935 libro
457 862 528 960 περὶ
545 863 659 933 παίδων
673 864 811 954 elysiis,
829 884 904 956 qua
918 858 1128 933 ostenditur

76 981 140 1055 ille
155 983 357 1057 Plutarcho
373 983 615 1057 Cbaeronenai
632 982 723 1056 falso
740 982 879 1056 tribui?
1002 1011 1005 1014 ⁴

95 1107 190 1181 Ast
209 1107 376 1205 proiecto
398 1107 616 1182 subit‘mibi
642 1118 754 1206 grata
767 1105 938 1203 quaedam
958 1105 1128 1185 reeorda-

77 1228 141 1319 tio,
163 1230 222 1302 uti
242 1243 342 1319 ante,
362 1231 416 1303 sic
439 1242 566 1304 nostra
585 1229 710 1319 etism,
732 1243 956 1328 patrumque
982 1241 1127 1307 nostro-

53 1355 54 1358 ’
76 1376 173 1443 rum,
185 1365 309 1442 aente,
321 1365 460 1427 erutae
476 1353 785 1427 bibliothecarum
801 1352 964 1427 tenebris
979 1352 1127 1453 egregia

76 1475 217 1571 aliquot
240 1481 477 1568 ᾰηπέσματα
501 1475 626 1565 fuisse,
652 1501 736 1571 quae
764 1475 1021 1571 antiquissima
1044 1492 1126 1552 om·

76 1598 178 1689 aino,
196 1599 436 1696 simulatque
453 1599 579 1696 magni
597 1597 791 1686 momenti,
802 1597 937 1671 merito
952 1625 1128 1673 censean-

46 1775 49 1779 -
75 1732 147 1793 tur.
192 1720 316 1794 Testis
331 1722 624 1795 vetustissimum
642 1720 690 1794 de
704 1721 746 1794 S.
760 1721 959 1818 Scriptum
980 1720 1128 1794 &noue

75 1843 325 1942 ingruentem
348 1871 371 1917 a
396 1844 604 1919 Muratorio
620 1844 660 1919 in
674 1843 968 1942 Antiquitatibus
985 1843 1128 1918 Italicis

76 1965 194 2040 Medii
210 1966 305 2040 AEoi
326 1967 484 2058 editum,
501 1967 692 2042 Lardnero
715 1979 853 2056 tamen,
871 1967 912 2041 ni
934 1967 1052 2058 fallor,
1070 1969 1126 2067 ig»

75 2102 222 2182 uotum,
243 2091 344 2188 qnod
370 2117 447 2164 non
477 2090 631 2165 minoris
658 2091 832 2165 existimo
856 2116 968 2187 qusm
993 2074 1126 2188 quem-

76 2212 166 2286 libet
176 2212 404 2287 ditissimum
421 2214 654 2299 thesaurum3
672 2239 773 2289 nunc
787 2240 883 2305 vero,
900 2216 987 2311 quia
1003 2215 1126 2289 novis·

75 2333 175 2409 sima·
192 2335 360 2431 ejusdem
386 2336 501 2409 editio
528 2336 697 2410 nondum
725 2336 772 2410 ad
798 2363 930 2411 manus
956 2339 1125 2435 pervenit

74 2482 186 2548 mess,
204 2484 227 2532 a
243 2484 306 2531 me
326 2460 586 2533 reservandum
608 2485 651 2533 ac
677 2459 930 2534 differendum.
982 2461 1029 2533 ln
1054 2463 1124 2535 boc

74 2582 225 2679 quidem
239 2583 469 2682 fragmento,
489 2611 576 2658 enm
600 2585 719 2657 multa
740 2583 870 2657 insunt
890 2583 1051 2681 insignia
1075 2584 1123 2659 nd

73 2705 169 2804 ipsas
190 2705 401 2780 Canonieas
426 2707 635 2805 Scripturas
663 2707 896 2806 pertinentia,
925 2720 1006 2781 tum
1028 2691 1124 2782 *vero

73 2828 293 2926 opusculum
318 2828 419 2902 istud
445 2856 524 2902 sese
548 2832 597 2902 sb
618 2830 699 2903 aliis
720 2832 830 2904 rebus
853 2841 982 2904 notatu
999 2830 1123 2929 dignis

74 2951 323 3024 commendet.
374 2951 604 3051 Exemplum
634 2954 746 3044 eliud,
776 2954 889 3050 idque
918 2955 1122 3052 egregium,
1275 2968 1280 2978 “

74 3073 138 3147 sed
166 3074 293 3148 minus
317 3075 461 3149 oelebre
486 3076 598 3149 etiam
623 3100 736 3172 quam
766 3078 936 3167 alterum,
961 3078 1121 3169 adeum,

72 3197 255 3298 Origenis‘
274 3211 459 3298 excerpta,
486 3199 621 3295 quibus
650 3203 669 3274 ι’
698 3206 855 3294 praesim
883 3201 1122 3299 epistolarum

72 3319 365 3420 lgmoammm,
383 3322 585 3396 firmissimi
603 3323 869 3421 propugnaculi
886 3322 1026 3397 ordinis
1043 3323 1121 3422 epi-

72 3445 241 3544 scopalis,
253 3458 292 3518 et
303 3471 413 3544 porro
425 3447 626 3520 alterorum
641 3473 827 3522 sucronem
842 3447 1028 3537 ordinum,
1040 3460 1120 3523 om·

71 3568 162 3641 nino
183 3567 380 3641 stabilitor.
430 3567 596 3659 Etenim,
611 3594 701 3642 cnm
724 3570 854 3645 barum
881 3571 1119 3669 epistolarum
1220 3633 1223 3636 »

70 3688 161 3764 duas
174 3693 267 3784 ῥὶσεκ
279 3690 462 3790 Origenes
479 3691 531 3765 ita
547 3693 644 3766 clare
660 3718 704 3766 ac
716 3692 879 3768 dilucide
895 3695 1119 3792 protulisset,

71 3826 114 3886 ut
126 3814 187 3887 vel
203 3814 416 3913 importune
436 3815 655 3913 urgentibus
677 3816 854 3915 effugium
878 3817 1120 3916 praecludere·

71 3949 145 4028 tur,
158 3938 534 4012 nmnullisaeriticis
549 3938 735 4034 objectum
752 3952 822 4030 est,
833 3942 1010 4039 opuscula
1026 3941 1118 4038 ipsa,

71 4059 109 4133 iu
127 4060 263 4156 quibus
277 4072 406 4135 extant
422 4062 504 4136 haec
522 4061 728 4160 lgnatiana,
740 4064 788 4136 nb
806 4063 967 4165 Origene
985 4062 1118 4135 merito

71 4181 315 4277 abjudicanda
342 4210 450 4271 esse;
487 4184 613 4258 Latini
644 4186 745 4260 enim
775 4187 899 4286 potius
930 4184 1115 4284 scriptoris

569 4309 629 4381 bs
