2716 4748
283 282 346 350 174
619 266 982 336 annorsnonss

304 456 339 498 er
354 434 485 500 Graecas
499 433 643 501 civitates
656 438 717 503 sub
733 438 789 503 Pio
804 439 889 524 Imp.
903 437 1051 517 excitata,
1063 432 1159 525 cujus
1172 438 1309 503 meminit

323 520 401 583 elito
423 520 525 585 verbis
551 522 634 586 infra
657 544 728 609 cap.
751 529 801 587 26.
840 524 901 606 (At
927 543 1017 621 cons.
1041 534 1134 621 notas
1158 523 1310 625 suprapd
1354 540 1356 591 t

279 622 381 689 pagg.
401 618 466 703 ¹.²³’
482 618 515 703 et
533 608 611 689 125.)
650 608 854 704 ductontate
875 606 938 671 hac
958 606 1111 706 Dionysii
1131 604 1312 705 Connthm·

279 688 1098 861 attittltsl‘st'ilmi‘ssitllllttt'?
1137 690 1314 839 ‚mitt

275 856 367 943 Jecit.
402 857 479 922 Vid.
495 858 574 1007 xeppa
599 860 737 925 Dissert.
760 862 814 924 De
841 860 1049 925 Suoeessione
1076 860 1174 923 Rom.
1201 858 1314 923 Pontii.

279 962 309 1003 c.
320 941 380 1004 xiv.
397 964 428 1006 n.
445 958 472 1007 1.
568 945 728 1009 Lowrrr.
772 938 972 1009 Sub'Marci
988 942 1114 1009 Aurelii
1133 941 1316 1030 primordia,

187 1024 192 1031 '
279 1039 453 1113 postquam
477 1026 550 1091 Pius
569 1050 704 1114 regnare
723 1028 880 1104 desiisset,
894 1028 1152 1113 persecutionem
1172 1028 1316 1113 gravissi·

280 1132 368 1174 mam
388 1111 549 1197 quandam
569 1114 741 1177 excitatam
762 1135 832 1177 esse
852 1127 966 1177 contra
980 1111 1196 1191 christianos,
1210 1110 1316 1179 validis

280 1196 480 1280 argumentis
503 1197 643 1261 ostendit
666 1197 845 1283 Basnagius
864 1199 897 1262 in
912 1194 1090 1261 Annalibus
1103 1194 1317 1263 Politian-Es·

280 1278 353 1342 cles.
373 1280 413 1343 ad
435 1303 486 1344 an.
509 1287 575 1345 162.
620 1283 728 1362 Porro,
752 1304 853 1369 quum
879 1282 970 1361 nihil,
996 1280 1123 1367 opinor,
1149 1294 1263 1367 cogat,
1284 1292 1318 1347 ut

279 1362 432 1464 Dionysii
451 1365 537 1429 istud
557 1365 598 1429 de
621 1368 842 1431 Romanorum
856 1387 936 1453 erga
948 1379 1106 1453 martyras
1127 1366 1163 1429 in
1181 1366 1318 1431 metallis

280 1462 474 1514 constrtutos
495 1450 708 1517 beneficentia
725 1451 766 1516 ad
811 1450 958 1517 raescntia
976 1450 1038 1515 sub
1056 1451 1175 1515 Sotere
1185 1462 1318 1537 spectet,

279 1553 321 1596 eo
351 1534 506 1600 infirmius
537 1536 689 1601 reddetur
707 1536 773 1601 'Do
798 1535 883 1599 welli
914 1547 1145 1623 argumentum
1177 1556 1242 1621 pro
1271 1534 1319 1601 ω’-

280 1619 471 1685 tractatione
494 1620 616 1685 Soteris
640 1621 681 1685 ad
705 1634 853 1706 tempora
877 1620 935 1697 Pii,
957 1619 1084 1685 etiamsi
1106 1620 1236 1685 vexatio
1259 1620 1320 1687 issa

280 1703 341 1767 sub
362 1703 426 1769 illo·
440 1705 634 1789 imperatore
655 1728 763 1771 revera
783 1704 966 1789 contigerit.
1010 1706 1054 1769 Et
1073 1704 1194 1769 rectius
1212 1704 1320 1769 forsan

280 1786 335 1849 alii
348 1808 388 1851 ex
402 1789 568 1853 communi
586 1790 737 1876 opinione
756 1790 844 1854 hunc
864 1790 1088 1889 episcopatpm
1105 1788 1193 1853 intra
1213 1788 1320 1855 Mami

279 1870 572 2020 Aurelpiffltempora
592 1873 819 1940 collocandum
838 1886 965 1960 putant,
985 1896 1043 1959 qm
1063 1893 1202 1959 regnare
1220 1872 1321 1961 eoepit

279 1975 365 2019 anno
440 2004 448 2019 .

324 2041 360 2103 P.
375 2047 441 2116 167.
457 2041 479 2105 l.
494 2056 543 2106 11.
565 2043 597 2104 δι’
612 2041 648 2106 ὧν
661 2042 804 2128 πέμπετε]
822 2043 871 2106 nai
884 2042 1007 2107 addunt
1024 2040 1128 2106 Clarias
1168 2040 1202 2107 Ιι.
1216 2042 1318 2110 terra

280 2135 315 2189 et
333 2125 415 2189 Vers.
438 2129 610 2191 Srnorn.
647 2128 806 2211 πέμποντες
820 2150 881 2213 pro
895 2126 1025 2209 alpem
1041 2126 1115 2191 Cod.
1165 2124 1278 2211 arfala.

323 2208 406 2274 Ibid.
419 2209 442 2274 l.
458 2226 505 2275 12.
526 2213 760 2297 διαφυλᾶτῑοπες]
778 2212 1008 2291 διαφυλᾶτῖοπας
1023 2208 1201 2295 Clarislaplt.
1216 2212 1319 2277 Iaecll.

279 2294 454 2375 φυλάτϊοπες
468 2296 599 2380 li'iceplr.
622 2298 792 2362 Srnorn.
827 2298 959 2379 Ῥωμαῖοι
982 2296 1093 2360 statim
1106 2308 1183 2361 aute
1196 2296 1320 2361 omittit

254 2436 259 2444 .
279 2379 357 2443 MS.
372 2380 463 2443 Bodl.
479 2403 537 2446 sen
553 2381 650 2445 Sanil.

324 2465 407 2528 Ibid.
423 2465 445 2528 l.
462 2479 507 2530 14.
528 2470 641 2553 Σωτὴρ]
668 2467 832 2553 Σωτήριχος
855 2466 908 2530 hic
932 2475 967 2529 et
991 2485 1118 2549 semper
1140 2462 1221 2528 alibi
1242 2463 1320 2530 MS.

280 2548 421 2635 Norfalc.
438 2549 587 2636 idemque
604 2573 720 2615 nornen
735 2551 811 2615 huic
827 2552 979 2635 episcopo
1001 2548 1165 2646 Georgius
1185 2548 1321 2634 Syncel·

278 2633 328 2696 lus
352 2634 620 2722 Nicephorusque
640 2635 707 2700 ΟΡ.
725 2636 762 2699 in
779 2632 1041 2720 chronographia
1060 2653 1139 2709 surs,
1159 2646 1196 2695 et
1214 2634 1319 2721 Euty·

279 2716 372 2781 chius
394 2718 631 2784 Alexandrinus
650 2722 681 2784 in
698 2719 875 2784 Annalibus
888 2719 930 2782 ad
948 2740 1025 2804 pag.
1038 2732 1109 2795 359,
1123 2716 1319 2783 indiderunt

281 2801 455 2866 soterichus
469 2805 501 2866 in
518 2819 594 2868 vett.
611 2805 752 2889 inscript.
769 2804 911 2869 occurrit
928 2803 1015 2888 apud
1030 2803 1222 2866 Gruterum.
1328 2866 1331 2871 ,

324 2884 407 2949 Ibid.
434 2888 591 2970 ἐπηύξηκεν]
609 2889 759 2973 Stephani
776 2890 949 2953 lectionem
970 2886 1084 2964 ηὔξηκεν
1104 2885 1268 2951 revocavit
1287 2886 1318 2985 in

279 2970 1272 3151 mnrasasstammana
1287 2993 1319 3151 ’.τ

280 3139 420 3287 inipsolc.
460 3142 565 3206 Vertit
586 3141 716 3228 Rafiaas
736 3156 826 3207 vetus
846 3143 1014 3225 interpres,
1035 3140 1090 3203 sed
1108 3150 1141 3202 et
1168 3149 1264 3204 aaut
1287 3160 1320 3202 sn

278 3248 327 3288 nra
341 3247 399 3289 ins.

323 3310 406 3373 lbid.
428 3314 470 3373 ἐπι
497 3319 601 3397 ορηγῶν
610 3312 674 3395 μὲν]
688 3310 878 3377 Notandum
895 3322 945 3375 est
958 3309 1082 3374 illustre
1095 3307 1318 3372 testimonium

279 3393 431 3479 Dionysii
460 3338 704 3493 dorinthiorunr
733 3396 886 3492 Episcopi
917 3395 959 3458 de
989 3396 1136 3492 Romana
1162 3390 1320 3492 Ecclesia,

280 3494 543 3627 {atttriti
556 3478 1330 3641 ‘tttiltizt‘at'sst‘fflffldttt.

279 3644 437 3711 damnatis
458 3663 514 3712 aut
533 3648 566 3711 in
586 3648 733 3711 exsilium
748 3648 864 3725 missis,
878 3647 1031 3711 alimenta
1043 3660 1077 3710 et
1091 3666 1229 3709 munera
1241 3644 1320 3709 sub-

279 3729 408 3793 mittere
428 3747 646 3796 consueverat.
689 3734 729 3795 ln
750 3731 836 3794 hunc
858 3754 953 3796 usum
976 3731 1096 3795 fiebant
1115 3728 1265 3793 collectae
1286 3728 1322 3791 in·

279 3813 422 3878 Ecclesia
438 3817 583 3879 Romana
596 3817 710 3880 diebus
722 3815 914 3893 Dominicis,
926 3815 967 3878 de
1005 3815 1101 3879 uibus
1114 3826 1244 3877 exstant
1261 3810 1320 3877 ali·

279 3913 361 3983 quot
375 3899 410 3961 S.
425 3901 543 3963 Leonis
563 3902 656 3984 Papae
677 3921 849 3963 sermones.
893 3838 1166 3985 Quaeiaudabilis
1180 3918 1320 3961 consue·

279 3983 360 4049 tudo
376 3981 446 4081 jam
469 3984 543 4046 inde
565 4006 584 4046 a
605 3984 716 4069 prinris
739 3984 974 4067 Apostolorum
999 3982 1201 4130 tenpporibus
1226 3980 1320 4045 insti-

278 4082 359 4145 tuta,
382 4090 416 4131 m
435 4086 599 4165 postrema
618 4069 715 4131 etiam
737 4067 967 4151 persecutione
979 4068 1047 4131 Dio
1078 4064 1177 4128 etiani
1199 4078 1322 4129 servata

277 4166 338 4232 est,
353 4166 391 4217 ut
410 4151 463 4217 lnc
483 4165 620 4219 testatur
642 4152 824 4217 Eusebius:
845 4174 912 4238 quo
926 4165 1075 4241 tempore
1089 4148 1237 4215 Ecclesia
1252 4150 1329 4215 ne.
