2716 4748
147 289 236 365 xviii
515 294 830 372 PRAEFATIO.

148 471 227 572 ipse
246 486 380 548 sectam
406 473 577 553 Montini
603 485 834 578 sequebatur,
852 480 1014 580 profecte
1031 506 1109 555 esse
1124 481 1195 555 viri

149 599 248 674 docti
277 626 362 675 cum
392 629 525 700 magna
550 606 872 679 verisimilitudine
901 605 1197 695 docuissent,..es

148 747 295 820 quoque
321 751 388 822 pro
413 726 584 801 instituto
609 755 693 802 meo
717 729 972 827 praetereunda
996 757 1074 803 esse
1092 730 1197 826 judis

149 845 241 918 cavi.
298 847 503 924 Firmiliani
533 876 642 946 porro
671 852 899 949 aliorumque
932 852 1032 951 apud
1061 851 1197 951 Cypri-

148 996 261 1042 anum
280 971 452 1069 epistolas
468 971 605 1044 idcirco
622 974 741 1063 omisi,
759 976 922 1072 exceptis
939 987 1084 1048 tantum
1103 974 1196 1049 Cor-

149 1092 236 1167 nelii
271 1119 376 1191 pepae
411 1093 711 1191 synodorumque
749 1097 925 1192 reliquiis,
960 1097 1060 1194 quod
1098 1098 1194 1184 nibil

146 1225 323 1314 praeterea
340 1242 362 1287 a
379 1216 594 1289 Firmiliano
612 1219 797 1292 caeterisvc
813 1230 915 1292 extet
932 1245 1086 1315 usquam
1105 1220 1195 1292 alibi

148 1337 423 1435 conscriptum3
450 1351 559 1435 atque
582 1340 641 1411 hae
662 1340 826 1438 epistolae
849 1366 936 1412 cum
961 1340 1196 1438 Cyprienicis
1242 1346 1247 1357 '

147 1458 284 1532 arctius
302 1460 501 1549 cobaerent,
519 1486 629 1558 quam
654 1474 696 1535 ut
718 1461 911 1534 commode
929 1460 1089 1559 disjungi
1111 1488 1196 1559 pos·

146 1580 233 1654 sint.
272 1582 471 1655 Simillima
486 1584 586 1655 enim
604 1608 730 1656 earum
749 1583 841 1655 ratio
857 1594 915 1654 est
930 1594 1041 1677 atque
1058 1583 1197 1680 episto-

140 1701 265 1779 larum
284 1702 423 1793 Planci,
441 1703 608 1801 Sulpicii,
623 1703 842 1793 Dolabellae,
855 1702 1022 1790 aliorum,
1036 1694 1122 1797 quaei'
1138 1702 1205 1776 in-.

146 1832 204 1895 ter
222 1821 481 1895 Ciceronianas
505 1836 704 1902 servantur.
756 1824 808 1896 At
825 1849 909 1897 vero
931 1834 1107 1895 tractatus
1117 1802 1197 1897 'elie

146 1954 239 2040 quot
255 1954 354 2032 sunt,
371 1943 528 2041 inquies,
546 1945 584 2018 id
609 1945 708 2042 quod
731 1972 800 2044 ego
819 1971 967 2042 quoque
984 1925 1195 2040 fateor,‚qui

144 2075 231 2163 post
254 2089 364 2162 opero
386 2063 528 2138 Justini
554 2065 611 2139 M.
635 2067 888 2165 Cyprianique
912 2076 950 2137 et
975 2064 1194 2162 Tertullioni

145 2186 206 2259 edi
220 2187 350 2278 solent,
364 2213 521 2284 quorum
536 2187 666 2261 saltem
681 2188 878 2261 nonnullos
891 2188 1028 2286 ignotis
1041 2177 1194 2289 quidem
1238 2166 1247 2181 ⁹

145 2311 396 2412 scriptoribus,
414 2310 477 2385 sed
494 2311 696 2385 eorundem
713 2324 861 2410 patrum
879 2311 1095 2407 aequalibus,
1107 2312 1213 2406 jure·
1242 2382 1246 2403 -‚

145 2434 390 2535 adscripseris.
434 2433 505 2507 His
523 2447 648 2508 autem
665 2434 838 2507 omnibus
855 2459 942 2507 cum
960 2433 1030 2507 tria
1047 2434 1128 2507 baec
1146 2435 1205 2509 si·⁴
1227 2446 1245 2487 “-·

144 2559 225 2633 mul
247 2558 442 2632 convenire
465 2559 649 2656 putarim3
676 2559 853 2657 primum,
878 2557 977 2655 quod
999 2557 1105 2631 facile
1128 2559 1196 2631 ob·
1242 2621 1246 2629 .

144 2682 195 2756 vii
213 2682 386 2756 studiosis
403 2682 620 2767 existerent3
649 2682 783 2755 deinde
800 2681 900 2777 quod
918 2708 939 2753 a
957 2680 1106 2755 diversis
1122 2669 1196 2753 for·
1228 2679 1244 2753 ss

145 2817 242 2879 tasse
272 2805 511 2904 scriptoribus
547 2804 682 2901 singuli
705 2816 837 2877 essent
865 2803 1073 2902 compositi,
1104 2829 1196 2900 quo-

103 2979 105 2983 ·
145 2954 229 3001 rum
257 2927 538 3001 nihilrestabat
562 2926 674 3015 aliud,
700 2925 800 3023 quod
825 2926 1079 3023 colligeretur3
1109 2936 1193 2998 tum

141 3066 321 3151 praeterea
345 3048 446 3147 quod
471 3049 550 3123 sine
576 3060 676 3122 certo
704 3048 860 3121 auctoris
886 3048 1037 3123 nomine
1062 3049 1196 3146 prode,-

139 3187 253 3249 -untes
280 3171 481 3245 obscuriori
509 3169 650 3268 origine
678 3171 755 3243 neti
785 3170 947 3255 fuerint;
979 3170 1108 3245 istbaec
1138 3172 1196 3244 id·

145 3297 244 3371 circo
260 3272 436 3394 opuscula
453 3321 475 3366 a
491 3292 638 3366 sedibus
656 3294 731 3365 suis
748 3294 942 3369 transferre
959 3296 1073 3367 nolui.
1115 3293 1208 3369 Dess.

145 3421 259 3517 nique
275 3420 347 3493 elie
363 3417 546 3514 quaedam,
562 3417 625 3489 sed
644 3442 686 3488 ea
702 3415 933 3513 paucissima,
952 3417 1077 3490 relicta
1093 3432 1195 3508 sunt,

145 3558 188 3620 ut
216 3546 255 3619 S.
285 3542 461 3643 Cypriani
485 3540 578 3612 Vita
606 3565 626 3611 a
656 3538 789 3610 Pontio
814 3537 969 3612 diacono
998 3540 1076 3635 ejus
1105 3569 1194 3616 con-

147 3669 293 3766 scripta,
319 3666 408 3764 quis
431 3663 651 3762 cymbarum
675 3661 791 3734 instar
816 3688 968 3760 magnas
997 3691 1107 3742 naves
1132 3693 1195 3739 eo·

146 3791 360 3869 mitantium
390 3813 499 3886 parva
529 3785 736 3858 istiusmodi
768 3786 903 3884 scripta
932 3787 1103 3885 operibus
1135 3817 1194 3863 so-

147 3916 227 3987 lent
249 3912 436 3989 adhaerere
464 3908 675 4010 majoribus.
737 3907 810 3987 sed
840 3934 1050 4004 quanquam
1083 3938 1194 4010 opus-

141 4030 229 4109 cula
245 4061 328 4133 quae
346 4031 641 4119 commemoravi,
659 4030 715 4104 vel
732 4029 974 4127 suspicionem
995 4034 1111 4112 νοθείας
1129 4034 1194 4108 ha„

147 4161 245 4251 bere,
257 4154 354 4234 vela
372 4155 574 4265 rationibus
591 4153 682 4227 meis
701 4152 821 4227 alieno
836 4178 925 4244 esse,
936 4150 1192 4249 judicaverim,

1 4308 170 4448 ἢ.
