2716 4748
150 294 215 383 ,ao
488 287 851 357 mnorarronss

152 466 216 531 hoc
253 483 360 564 noque
378 473 491 526 notatu
505 475 565 541 est,
580 462 801 549 Nicephorum
817 464 850 528 in
864 462 921 527 lib.
936 461 973 527 ii.
990 462 1083 529 Hist.
1098 485 1127 529 o.
1142 477 1188 531 44.

150 487 282 617 Erueiii
301 549 356 614 rlla
372 548 441 636 jam
465 561 538 612 ante
560 547 656 612 allata
678 560 885 633 repetentem,
899 548 1068 636 corrigere
1082 562 1190 616 auoto-

152 658 220 701 rem
236 657 342 712 suum,
355 634 444 698 addit
460 634 556 710 enim,
572 655 668 720 agere
682 656 730 711 ea,
745 657 818 721 quae
832 656 872 698 cx
884 635 1028 700 Actibus
1044 637 1187 721 Aposto-

150 722 257 789 lorum
279 722 320 785 ab
342 719 482 784 Eusebio
503 720 685 796 afferuntur,
704 719 744 783 de
762 720 863 784 altero
884 719 1051 807 Philippo,
1068 744 1134 786 non
1152 721 1188 786 de

151 809 311 895 apostolo,
324 808 379 893 qui
390 809 422 870 in
434 805 514 870 urbe
526 806 692 891 Hierapoli
705 805 850 891 sepultus
859 818 919 870 est.
941 807 1052 871 Mitto
1063 807 1188 872 interim

152 916 200 972 ea,
237 917 287 957 uae
304 905 409 957 narrat
421 892 514 955 Mart
536 891 687 978 roiogium
701 890 873 955 Romanum
886 891 927 955 ad
941 898 973 955 6.
989 893 1095 971 Junii,
1111 893 1188 957 siout

151 917 237 1044 illud
254 978 370 1042 Adonis
391 977 431 1042 ad
455 991 483 1041 8.
508 914 555 1040 iil.
576 979 652 1041 Jun.
675 977 715 1041 de
737 976 854 1062 sepulto
878 976 1030 1064 Philippo
1053 978 1188 1042 diacono

152 1087 228 1129 curn
247 1064 350 1129 tribus
366 1085 405 1128 ex
424 1062 548 1127 filiabus
562 1062 631 1150 ejus
649 1065 814 1141 Coesarcae,
827 1085 893 1126 non
907 1062 1096 1151 Hierapoli,
1110 1086 1187 1150 quo-

151 1151 236 1216 niam
262 1149 380 1214 ibidem
403 1149 563 1226 asseritur,
586 1164 732 1236 quartam
754 1149 851 1212 filiam
874 1149 1021 1234 ejusdem
1053 1150 1136 1214 Phili
1157 1149 1188 1236 pi

151 1237 278 1324 plenam
301 1235 421 1320 Spiritu
444 1235 562 1298 Sancto
581 1235 698 1320 Ephesi
720 1235 921 1312 occubuisse,
936 1234 971 1298 id
985 1236 1080 1322 quod
1096 1171 1187 1323 Poiy-

151 1323 246 1388 cratis
263 1322 337 1385 loco
359 1321 424 1385 alio
443 1320 570 1384 detorto
588 1320 732 1385 debetur.
778 1320 946 1384 Sedenim
968 1321 1072 1385 tradit
1085 1322 1185 1386 Julius

153 1410 265 1474 Pollux
283 1407 323 1470 ad
342 1429 417 1493 pag.
429 1421 499 1470 208.
517 1405 659 1470 Chronici
682 1428 775 1493 supra
797 1406 979 1485 memorati,
1003 1407 1184 1494 Philippum

151 1516 251 1558 unum
267 1493 307 1556 de
324 1492 446 1579 septem
463 1493 604 1556 diaconis
619 1492 776 1557 Trallibus
791 1492 953 1578 sepultum
968 1493 1072 1557 fuisse
1077 1517 1087 1571 3
1126 1491 1184 1558 uod

152 1580 282 1666 quidem
309 1586 516 1666 ωαςενᾶετικῶς
542 1579 639 1642 luisse
664 1579 817 1663 scriptum
842 1578 991 1658 arbitror,
1015 1579 1098 1644 dum
1142 1598 1183 1643 ac

153 1665 327 1753 Polycratis
352 1669 393 1728 de
418 1664 553 1750 Philippi
575 1664 711 1749 apostoli
735 1664 893 1749 Ephesina
917 1665 1088 1750 sepultura
1110 1665 1182 1728 filia·

151 1753 276 1837 busque
299 1750 453 1834 protulit3
479 1773 546 1814 rem
574 1767 681 1814 tamen
704 1750 796 1813 aliter
817 1749 1052 1815 administravit
1076 1751 1182 1828 editor,

152 1837 244 1923 quasi
260 1836 369 1901 Pollux
382 1836 423 1900 de
435 1836 557 1901 filiabus
574 1835 709 1922 Philippi
722 1835 849 1899 diaconi
862 1836 1064 1922 loqueretur.
1088 1837 1182 1901 Mitto

151 1922 185 1987 id
210 1944 349 2008 quoque,
374 1943 550 1986 memorare
575 1921 809 2006 Nicephorum,
833 1922 978 2008 aliosque
1003 1923 1183 2008 scriptores,

152 2008 341 2094 martyrium
364 2028 492 2092 passum
514 2027 584 2072 esse
604 2007 636 2070 in
660 2007 827 2094 Hierapoli
849 2007 1033 2094 Philippum
1059 2021 1182 2094 aposto·

152 2092 243 2172 lum3
265 2114 339 2157 nam
361 2106 484 2157 certum
499 2105 600 2156 estex
616 2092 794 2157 Clementis
808 2094 902 2158 Alex.
919 2094 1033 2158 Strom.
1052 2094 1094 2157 iv.
1113 2116 1142 2158 a.
1154 2110 1181 2173 9.

151 2201 185 2266 p.
196 2193 267 2257 595.
281 2178 332 2245 ed.
349 2178 479 2257 Potteri,
500 2179 732 2244 Heracleonem
753 2179 866 2243 haeresi
887 2178 1021 2266 quidem
1042 2179 1183 2244 Valenti·

152 2265 255 2331 nianae
279 2264 455 2342 addictum,
479 2263 631 2328 sedante
656 2265 798 2330 medium
828 2265 982 2329 saeculum
1008 2265 1183 2331 secundum

152 2353 207 2440 qui
229 2352 347 2428 floruit,
364 2351 545 2429 narravisse,
566 2350 758 2436 Philippum,
777 2350 1007 2436 apostolosque
1030 2351 1183 2415 Matthe-

152 2461 220 2516 um,
236 2438 407 2516 Thomam,
424 2438 544 2514 Levim,
561 2438 615 2524 qui
635 2437 705 2499 viris
724 2436 827 2500 doctis
843 2450 891 2500 est
910 2437 1084 2515 Lebbaeus,
1099 2438 1185 2502 aliter

151 2523 256 2588 dictus
270 2527 290 2588 J
293 2523 370 2587 udas
386 2537 418 2592 et
434 2522 628 2599 Thaddaeus,
644 2536 780 2585 mortem
797 2523 914 2588 siccam
931 2522 1062 2585 obiisse.

195 2610 369 2685 Caeterum,
384 2608 463 2694 quid
478 2609 553 2672 velit
566 2608 646 2671 illud
662 2612 687 2669 ἐν
706 2607 781 2693 ἁγίῳ
800 2607 940 2687 πνεύματι
959 2608 1183 2691 ωολιτευσαμέη

153 2694 193 2759 de
216 2696 309 2760 tertia
332 2694 469 2779 Philippi
492 2695 554 2758 filia
575 2718 594 2757 a
618 2694 785 2780 Polycrate
807 2694 972 2778 scriptum,
991 2694 1070 2757 satis
1092 2694 1183 2774 clare,

152 2781 276 2866 opinor,
305 2781 478 2844 ostendunt
509 2781 727 2866 Hieronymus
760 2793 792 2843 et
828 2779 959 2843 Rufinus
987 2780 1073 2843 inter
1097 2795 1184 2858 retes,

176 2888 290 2928 uorum
307 2866 358 2928 hic
371 2866 462 2928 vertit
475 2865 593 2950 Spiritu
606 2866 716 2930 Sancto
731 2865 861 2950 repleta,
873 2865 927 2929 ille
942 2880 1053 2929 autem
1069 2803 1185 2951 ipirita

152 2889 264 3015 iuncto
277 2949 383 3034 plena,
398 2952 460 3014 hoc
474 2964 533 3028 est,
550 2952 582 3013 ni
602 2952 706 3027 fallor,
722 2952 897 3036 prophetie
917 2950 1114 3015 charismate
1129 2952 1183 3016 do·

151 3048 234 3101 nata.
280 3035 400 3100 Melius
423 3058 502 3122 ergo
526 3038 618 3100 vertit
634 3037 781 3100 Valesius
805 3037 846 3100 ad
867 3037 953 3100 hunc
974 3038 1181 3134 posteriorem

150 3110 281 3187 Eusebii
303 3122 422 3200 locum,
440 3144 535 3207 quam
557 3136 641 3200 ante,
658 3122 713 3185 lib.
726 3123 769 3185 iii.
785 3145 856 3208 cap.
869 3137 919 3186 31.
935 3122 991 3186 ubr
1007 3124 1106 3186 verba
1127 3126 1181 3187 Po·

151 3209 281 3296 lycratis
305 3209 349 3271 ita
368 3208 481 3272 Latine
504 3208 693 3283 reddiderat,
718 3231 790 3294 quae
810 3207 1006 3293 spiritualem
1028 3210 1183 3295 quondum

152 3296 249 3360 vitum
265 3294 366 3358 duxit.
409 3294 471 3357 Sed
487 3308 519 3356 et
534 3307 619 3357 recte
634 3293 718 3357 idem
734 3294 880 3358 Valesius
896 3295 990 3357 verba
1011 3295 1130 3360 similia
1147 3295 1182 3358 ab

150 3380 261 3444 eodem
286 3379 452 3465 Polycrate
472 3380 510 3442 de
533 3380 692 3443 Melitone
715 3380 811 3464 paulo
830 3392 902 3465 post
921 3379 1069 3444 adhibita
1091 3381 1182 3445 inter-

152 3478 295 3553 pretatus
311 3482 369 3542 est,
386 3466 442 3529 ubi
458 3481 533 3528 nota
547 3464 616 3552 ejus
631 3464 777 3528 adeunda
792 3479 849 3527 est.

198 3553 231 3614 P.
245 3561 314 3624 370.
329 3551 351 3612 l.
364 3566 394 3614 3.
416 3551 430 3626 ἢ
451 3555 476 3610 ἐν
496 3552 606 3635 Ἐφέσῳ
620 3551 800 3635 iraeadem]
820 3552 924 3614 Textu
940 3573 999 3614 suo
1015 3551 1182 3616 eliminavit

152 3637 356 3714 &strothius
378 3636 465 3722 quod
489 3658 599 3699 omnes
622 3635 684 3699 hoc
707 3637 835 3734 quidem
859 3637 988 3701 Eusebii
1012 3638 1089 3701 loco
1112 3638 1180 3702 reti·

151 3736 238 3787 nent.
275 3723 408 3785 Variant
422 3735 528 3784 autem
545 3723 576 3784 iu
594 3723 665 3785 loco
682 3744 796 3806 pr1ore,
812 3722 867 3786 ubi
883 3736 990 3785 tamen
1007 3744 1181 3806 pronomen

151 3810 185 3874 in
209 3808 367 3893 impressis
391 3807 480 3870 libris
505 3808 636 3871 Eusebii
659 3808 809 3871 omnibus
833 3823 965 3893 excepta
987 3809 1096 3873 Rufini
1121 3831 1180 3872 ver·

152 3897 240 3959 sione
255 3905 406 3957 servatur.
442 3893 602 3956 Caeterum
619 3893 807 3972 diarritorum
818 3915 876 3977 pro
889 3894 1059 3972 &autariatas
1075 3894 1180 3958 scribl-

152 3981 255 4046 turin
275 3979 359 4042 codd.
380 3979 536 4041 Vaticanis
552 3994 585 4042 et
604 3980 636 4040 V
635 3978 840 4055 indotonensi
856 3993 951 4064 atque
972 3980 1034 4043 hoc
1056 3980 1178 4067 quidem

152 4065 284 4132 Eusebii
297 4065 369 4128 loco
383 4064 538 4141 &adiuvem
553 4065 584 4127 in
599 4065 661 4128 cod.
677 4064 817 4150 Norfolc.
834 4064 892 4128 etsi
908 4065 1074 4128 mendose.

197 4152 278 4217 Ibid.
294 4151 314 4214 l.
328 4164 357 4215 4.
381 4150 419 4213 ἔτι
439 4152 479 4234 δὲ]
499 4149 538 4212 ὅτι
559 4151 585 4212 δὲ
608 4151 654 4213 ed.
673 4150 777 4235 Stcplr.
801 4152 842 4212 ἐπὶ
858 4152 884 4212 δὲ
901 4151 1070 4237 Bongarsii
1086 4153 1177 4215 Lectt.

152 4241 323 4303 Srnorfl.
337 4236 378 4300 de
392 4237 489 4322 priori
505 4235 636 4322 quidem
653 4237 783 4300 Eusebii
798 4237 870 4300 loco
886 4235 947 4300 hoc
965 4237 1131 4302 adnotans.
