2716 4748
448 313 881 410 INS.sERAP10NEM.
1115 328 1179 401 us

148 485 353 637 prophetiam
368 485 527 552 Monta-ni.
549 487 672 553 Eodem
688 488 782 574 plane
798 486 909 565 modo,
922 507 986 572 quo
1002 480 1181 570 presbyteri

182 573 338 636 iennensis
357 593 394 635 ac
414 573 636 660 lugdunensis
652 575 793 638 ecclesia
807 592 904 658 super
918 571 1029 636 eodem
1048 571 1181 655 negotio

148 659 192 725 ad
205 660 275 722 illas
289 658 490 746 soripserant,
504 663 692 724 sententiam
713 683 803 723 suam
821 659 860 722 de
875 681 955 721 nova
970 657 1025 721 illa
1040 657 1179 741 propbe-

148 744 195 808 tia
210 759 412 842 exponentes,
429 761 466 808 ut
481 766 577 830 supra
592 747 698 820 retulit
714 746 882 809 Eusebius.
921 743 1018 808 Certe
1033 742 1089 804 has
1103 742 1180 804 sub·

149 829 338 915 scriptiones
353 829 394 893 ad
408 829 529 893 calcem
544 832 676 917 alicujus
692 831 836 916 epistolae
854 829 994 916 adjectas
1008 829 1105 892 fuisse
1120 827 1180 890 do-

149 931 202 979 eet
223 915 271 978 vel
291 916 359 978 haec
380 937 444 978 una
460 916 580 980 Aurelii
598 916 728 1004 Cyrenii
743 918 943 1001 subscripti0,
956 913 1102 979 Aurelius
1119 913 1180 998 ey-

149 999 253 1065 raaiur
269 1011 404 1086 martyr,
417 1012 485 1085 opto
499 1024 550 1064 uos
566 1001 637 1066 leae
650 1001 762 1066 ualere.
808 1005 905 1065 Porro
921 1002 1019 1087 ipsius
1034 999 1181 1083 Serapio-

151 1087 198 1149 nis
215 1086 359 1170 epistolae
380 1087 547 1172 episcopos
569 1088 642 1150 illos
660 1088 896 1185 subscripsisse,
912 1106 1113 1172 nequaquam
1129 1104 1181 1146 ve-

150 1171 279 1234 risimile
294 1185 353 1234 est.
399 1172 504 1235 P-rirno
519 1173 593 1258 quia
610 1174 766 1236 Eusebius
786 1173 819 1235 rd
845 1195 907 1235 non
927 1173 1017 1249 dicit,
1031 1170 1087 1234 sed
1109 1183 1182 1232 tan·

118 1335 119 1338 Ἴ
150 1266 222 1320 tum
238 1257 486 1342 subscriptiones
498 1259 637 1343 plurium
650 1281 668 1321 e
693 1260 873 1344 iscoporum
889 1259 920 1320 in
935 1259 988 1320 illa
1002 1254 1184 1341 Serapionis

150 1343 286 1428 epistola
304 1343 471 1422 tontineri,
484 1345 568 1408 sicut
582 1281 776 1429 Apollinaris
799 1343 1031 1428 Hierapolitaui
1048 1339 1186 1426 epistola

150 1426 255 1491 eidem
285 1429 466 1514 Serapionis
484 1430 633 1514 epistolae
659 1431 805 1516 subjecta
828 1429 943 1492 fuerat.
997 1430 1072 1491 Hoc
1092 1426 1185 1489 enim

150 1513 299 1577 consulto
314 1515 431 1578 fecerat
446 1515 587 1600 Serapio,
599 1529 635 1579 ut
651 1515 788 1600 plurium
805 1515 1028 1600 episcoporum
1043 1511 1185 1576 auctori·

150 1611 216 1662 tare
240 1601 389 1664 Montani
410 1616 531 1664 sectam
554 1601 764 1666 convinceret.
810 1603 963 1664 Praeterea
982 1621 1045 1686 qua
1063 1598 1187 1662 ratione

151 1683 218 1747 fieri
233 1699 352 1771 posset,
369 1699 405 1748 ut
418 1686 528 1772 episco
552 1686 562 1749 i
579 1687 723 1750 Thraciae
743 1687 978 1750 subscriberent
998 1683 1097 1748 liteds
1118 1682 1187 1768 epi·

151 1771 242 1856 scopi
265 1771 482 1834 Antiochenil
520 1709 712 1837 gredibilius
736 1773 842 1858 itaque
865 1786 914 1836 est
939 1772 972 1834 id
997 1769 1086 1856 quod
1109 1767 1188 1846 dixi,

151 1855 319 1941 episcopos
341 1857 461 1920 scilicet
480 1857 627 1922 Thraciae
643 1859 809 1921 communi
822 1858 956 1921 :nomine
971 1856 1132 1941 scripsisse
1147 1853 1189 1917 ed

150 1941 300 2005 ecclesias
317 1942 402 2004 Asiae
417 1957 450 2006 et
466 1943 625 2029 Phrygiae.
670 1944 887 2030 Quod'autern
905 1942 1057 2006 Batonius
1072 1939 1142 2002 baec
1157 1939 1189 2002 in

152 2025 303 2090 Concilio
316 2042 408 2108 gesta
421 2049 490 2091 esse
504 2042 613 2107 censet
633 2029 666 2090 in
681 2029 861 2092 Annalibus
875 2027 917 2090 ad
930 2049 1049 2090 annum
1067 2023 1190 2089 Christi

154 2122 221 2185 173.
238 2131 373 2173 numero
392 2123 437 2186 1-9.
460 2131 546 2193 aegre
566 2109 598 2171 id
622 2109 669 2172 illi
690 2113 912 2173 concesserim.
963 2114 1017 2173 Ne
1042 2132 1080 2173 ue
1103 2111 1189 2174 enim

152 2194 403 2279 subscriptiones
415 2192 478 2256 illae
491 2196 512 2256 S
538 2193 668 2258 nodicas
681 2195 786 2258 literas
799 2196 926 2279 sapiunt
933 2217 943 2272 ;
959 2133 1190 2260 nechueebius

152 2281 257 2345 ullum
278 2279 449 2344 concilium
471 2217 536 2342 veir
539 2280 571 2342 in
590 2279 669 2342 Asia
683 2282 723 2343 ab
739 2279 936 2365 Apollinare,
951 2282 999 2344 rel
1015 2281 1047 2343 in
1063 2281 1191 2347 Graecia

152 2379 301 2430 eoactum
318 2386 387 2429 esse
402 2365 521 2428 scribit.
546 2364 609 2428 Sed
625 2387 682 2428 nec
693 2365 881 2430 Tertulliani
895 2366 985 2429 locus
1000 2388 1039 2429 ex
1054 2365 1192 2430 libro-de

149 2449 283 2539 je'uniis
295 2451 466 2537 quicquam
480 2450 556 2514 lacit
569 2473 627 2534 pro
639 2451 789 2514 Baronio.
811 2454 963 2537 Aguntur
972 2462 1125 2534 praeterea
1132 2469 1192 2537 per

207 2536 301 2601 oecius
321 2535 380 2598 illu
402 2536 492 2600 certis
514 2536 547 2599 in
570 2535 643 2599 locis
663 2535 792 2600 concilia
814 2560 853 2600 ec
874 2536 1023 2600 universis
1045 2535 1191 2618 ecclesiis,

150 2639 210 2709 per
224 2645 297 2710 quoe
311 2632 340 2685 et
355 2621 469 2684 altiora
484 2621 630 2709 quaedam
649 2623 681 2685 in
699 2644 855 2685 commune
875 2633 1062 2700 tractantur,
1077 2632 1107 2685 et
1122 2623 1192 2706 ipsu

114 2755 117 2759 -
154 2707 387 2794 repraesentatio
410 2706 504 2771 totius
519 2706 653 2771 nominis
671 2707 982 2795 Christiani-magno
997 2707 1192 2772 venustiore

156 2792 337 2858 celebratur.
367 2793 432 2857 Hic
444 2793 529 2856 enirn
542 2793 758 2857 Tertullianus
775 2816 838 2857 non
855 2794 895 2856 de
908 2793 1052 2857 conciliis
1064 2792 1191 2857 Catho-
1205 2831 1212 2842 ι

155 2878 290 2944 licorum
314 2878 469 2964 loquitur,
487 2877 543 2942 sed
565 2879 604 2942 de
625 2879 832 2944 conventibus
855 2879 1070 2942 Montanistar
1098 2891 1100 2895 ’
1131 2890 1192 2957 ,ut

156 2964 356 3051 sequentiaa
378 2979 446 3028 erte
460 2964 689 3028 demonstrant.
705 2966 912 3029 Vauasrus.
939 2965 1049 3028 Habet
1094 2964 1192 3051 ιυῳθι.

156 3053 210 3114 ἀπὸ
232 3057 279 3127 τῆς
301 3057 342 3113 aa
362 3057 440 3126 ελτῆς
462 3072 521 3137 pro
543 3051 596 3113 ἀπὸ
619 3048 769 3114 Δεὲελτοῦ.
805 3050 1012 3114 Tillemontio
1035 3051 1067 3113 in
1087 3051 1191 3116 Mem.

89 3204 91 3209 ,
158 3135 247 3199 Eccl.
262 3149 342 3200 tom.
354 3136 399 3199 iii.
413 3138 486 3200 Art.
503 3136 535 3199 S.
551 3135 709 3220 Serapion,
727 3151 764 3199 ut
785 3137 914 3199 sentiret
933 3134 1120 3222 synodicam
1137 3137 1193 3200 fu·

157 3220 218 3284 isse
236 3220 333 3306 hujus
352 3220 532 3304 epistolam,
549 3221 664 3284 idonea
678 3242 774 3284 causa
789 3221 952 3285 videbatur
969 3221 1193 3306 episcoporum

158 3305 190 3370 in
204 3304 259 3368 illa
269 3305 538 3390 subscriptiones3
555 3327 633 3392 quas
647 3307 777 3392 quidem
792 3306 823 3369 in
838 3320 929 3370 tomo
942 3305 973 3368 ii.
988 3304 1195 3372 Bibliothecae

158 3413 226 3455 suae
248 3392 317 3456 PP.
341 3390 451 3454 omisit
476 3391 676 3470 Gallandius,
700 3393 777 3456 dum
805 3391 986 3477 Serapionis
1012 3392 1195 3478 fragmenta

159 3497 222 3542 una
237 3497 313 3539 cum
324 3475 444 3540 Valesii
460 3476 544 3540 notis
559 3476 684 3562 repetit.

202 3563 237 3624 P.
247 3568 318 3640 469.
334 3561 355 3625 l.
372 3574 418 3637 17.
436 3564 471 3647 ζ
494 3567 507 3624 ὁ
528 3564 600 3637 Θεὸς
620 3567 634 3624 ὁ
652 3566 679 3625 ir
698 3567 753 3636 τοῖς
773 3564 903 3646 οὐρανοῖς]
922 3561 1042 3625 Similis
1056 3576 1106 3626 eet
1120 3561 1193 3629 bac

153 3647 364 3746 jurisjurandi
383 3647 522 3711 formula
543 3648 646 3712 verbis
664 3648 827 3733 conceptis
844 3647 1031 3724 Clementis,
1045 3669 1111 3712 non
1127 3651 1193 3714 Ro·

159 3755 246 3796 mam
265 3734 323 3798 sed
341 3733 562 3812 Alexandrini,
579 3732 639 3797 etsi
660 3734 752 3799 aliter
773 3733 1093 3812 sentiuntaonnulli,
1107 3735 1194 3821 apud

158 3818 314 3884 Basilium
337 3821 496 3905 Magnum
515 3819 565 3883 De
586 3819 639 3904 S'p.
657 3817 768 3884 Sancto
789 3839 861 3905 cap.
883 3819 1004 3904 penult.
1025 3842 1099 3906 quae
1167 3820 1194 3872 '-

154 3904 234 3968 dem
251 3906 480 3970 sanctissimam
495 3904 645 3968 Triadem
660 3919 834 3984 testantur3
848 3910 907 3992 ζῇό
921 3905 1083 3980 Θοός·.κιὶ.ὁ
1095 3911 1125 3969 K

158 3992 264 4068 Ἰησοῦς
279 3993 391 4075 Χριςὸς,
406 3993 453 4054 sal
467 3993 499 4053 τὸ
514 3995 631 4071 Πνεῦμα
644 3992 675 4052 τὸ
690 3989 780 4071 ἅγιον.
811 4038 813 4044 ,
976 4016 979 4021 ’

158 4121 161 4125 -
205 4077 320 4151 P.470.
341 4076 362 4138 l.
378 4091 404 4140 1.
426 4082 440 4139 ὁ
463 4080 489 4140 ἐν
514 4075 686 4162 Ἀγχιάλῳ]
714 4077 749 4139 ld
769 4075 1010 4163 est=episcopue
1031 4074 1195 4159 Anchiali,

159 4161 249 4248 quod
263 4176 312 4225 est
325 4161 479 4247 oppidum
496 4162 527 4226 in
542 4161 678 4225 Thracia
692 4175 727 4226 ut
742 4161 817 4226 dixi.
859 4163 906 4227 Ar
926 4161 1197 4249 christophorso-

158 4269 223 4313 nus
243 4246 381 4313 hac-ita
398 4236 503 4328 re'rtit,
514 4247 608 4335 quasi
626 4247 882 4314 Sotae-inorbo
890 4246 1197 4316 mutabam-
