2716 4748
255 298 296 365 70
451 278 731 375 Quanaarus
757 289 813 354 nr
834 240 1079 356 Aarsrinrs.

255 453 353 513 Latini
367 457 405 514 26
416 457 489 515 Maii
503 461 698 519 consentiunt:
721 461 804 520 Licet
817 465 884 522 viris
898 465 1067 522 doctissimis
1078 463 1204 532 Valerio,
1219 461 1285 523 Le*

255 563 375 629 moinio,
389 563 529 643 Dupinio,
543 576 571 623 et
586 566 771 626 Tillemontio
785 569 822 626 ob
836 578 996 648 temporum
1009 571 1145 636 rationes,
1160 569 1210 626 aed
1223 570 1281 626 mi·

255 667 331 722 nime
345 669 501 745 expeditas,
516 669 598 727 aliter
611 672 747 730 videatur.
770 672 843 731 Vide
862 673 961 731 Grabii
980 674 1075 749 Spicil.
1089 675 1151 731 PP.
1164 682 1238 731 tom.
1248 673 1281 731 iia

252 788 281 850 p.
297 774 361 831 119.
376 793 434 851 seq.
468 774 646 834 Francius.
687 773 752 835 Hac
771 792 802 835 re
822 779 853 835 in
872 798 995 857 prosena
1012 781 1126 847 omissa,
1139 788 1282 856 tanquam

256 878 291 934 ad
312 867 481 936 institutum
493 890 623 938 nostrum
643 883 735 939 minus
755 884 925 960 pertinente,
942 858 1053 941 tantum
1073 884 1108 941 de
1127 883 1283 945 Quadrato

255 983 374 1052 notabo,
393 984 469 1042 hunc
487 984 523 1042 ab
541 988 668 1071 Auctore
686 987 788 1064 Operis
801 989 935 1045 Adversas
949 988 1144 1063 cataphrygas,
1159 988 1208 1065 qui
1225 1007 1281 1044 sse-

254 1089 320 1145 culo
341 1091 426 1146 tertio
446 1091 562 1147 ineunte
580 1092 702 1169 scripsit,
716 1090 790 1148 inter
807 1108 888 1148 veros
906 1090 1058 1169 prophetas
1080 1110 1150 1167 quos
1169 1092 1281 1170 recepit

254 1192 382 1261 ecclesia,
398 1197 620 1253 commemorari.
647 1197 712 1255 Vid.
725 1196 843 1254 Eusebii
855 1195 903 1255 lib.
915 1216 942 1254 v.
955 1197 1029 1254 Hist.
1042 1216 1067 1255 c.
1080 1195 1126 1256 17,
1146 1195 1236 1254 Cous.
1249 1202 1281 1253 et

253 1298 293 1355 iii.
308 1298 356 1359 37.

295 1398 310 1438 ¹³
332 1399 431 1460 Codex
449 1403 672 1474 Gemblacensis,
689 1425 772 1484 quem
791 1406 927 1464 Suffridus
945 1401 1025 1462 Petri
1043 1404 1280 1484 inspexit,Eleu·

252 1512 320 1565 sina.
354 1507 467 1564 Accidit
480 1509 536 1565 hoc
549 1511 585 1565 A.
600 1496 709 1565 Christi
724 1510 787 1566 123.
806 1498 947 1566 Hadriani
964 1508 1104 1587 septimo:
1126 1507 1172 1565 vel
1184 1508 1279 1568 Hadr.

254 1612 366 1669 decimo
384 1614 496 1690 quinto,
520 1614 626 1671 Christi
652 1616 716 1671 131,
738 1623 770 1670 ut
793 1621 933 1671 memorat
954 1612 1094 1670 Eusebius
1116 1613 1147 1669 in
1167 1606 1280 1676 Chron.

208 1722 212 1729 '
253 1703 300 1774 De
319 1716 472 1775 Eleusiniis
493 1719 579 1775 sacris
600 1718 708 1774 erudite
724 1716 866 1774 Meursius
879 1727 950 1774 tom.
964 1717 1002 1774 vi.
1015 1717 1134 1793 Antiqu.
1147 1717 1289 1797 Gronov..

254 1814 345 1878 Fann.
386 1819 549 1877 Hadrianus
571 1821 708 1899 imperare
728 1820 816 1899 coepit
834 1840 911 1878 anno
925 1821 1032 1878 Christi
1050 1821 1124 1893 1175
1147 1818 1279 1881 mortuas

254 1933 299 1980 est
310 1943 357 1981 an.
375 1920 439 1981 138.
479 1924 655 1985 Quadratum
676 1932 781 1992 autem,
800 1932 952 2003 postquam
970 1924 1133 1983 Hadrianus
1153 1925 1281 1982 secunda

167 2008 170 2019 ¹
253 2029 316 2084 rice
336 2028 464 2085 Athenas
488 2028 621 2094 venisset,
643 2026 806 2105 apologiam
832 2027 969 2086 obtulisse
995 2029 1130 2087 docuerat
1153 2027 1281 2087 Grabius

254 2135 349 2209 Spieil.
372 2134 433 2190 PP.
455 2143 523 2191 tom.
539 2134 569 2190 ii.
592 2152 620 2212 p.
641 2134 704 2191 122.
721 2144 750 2191 et
768 2152 846 2210 seqq.
886 2133 933 2190 De
954 2133 1094 2192 Hadriani
1114 2135 1282 2192 initiatione

253 2238 352 2298 isthac
373 2237 599 2314 Hieronymiana
618 2236 729 2295 confert
749 2236 784 2295 cl.
805 2237 1026 2307 Warburtonus,
1048 2240 1078 2296 in
1096 2241 1165 2296 Dio.
1179 2240 1280 2315 Legat.

253 2344 348 2410 Musis,
359 2342 425 2400 Lib.
436 2343 466 2400 ii.
481 2343 555 2399 Sect.
566 2342 595 2399 4.
608 2362 636 2421 p.
647 2341 714 2402 257.
727 2343 770 2400 ed.
781 2343 901 2420 quintae,
910 2364 975 2401 cum
987 2343 1063 2401 Celsi
1076 2343 1141 2401 loco
1155 2345 1280 2421 quodam

254 2449 328 2526 apud
345 2438 499 2524 Origenem
522 2447 624 2504 Contra
641 2447 723 2504 eund.
745 2449 859 2515 Celsum,
878 2447 928 2504 lib.
940 2449 998 2505 viii
1018 2468 1042 2505 c.
1054 2448 1102 2505 48.
1121 2449 1169 2525 qui
1187 2449 1230 2506 sic
1249 2467 1286 2505 se·

251 2552 358 2611 habet:
381 2555 495 2615 Μάλιςα
515 2553 570 2627 μὲν,
590 2548 609 2610 ri
626 2551 741 2619 titium,
766 2553 974 2628 (Christianum
992 2553 1142 2631 compellat
1162 2553 1278 2630 Celsus)

251 2658 333 2735 ὅπερ
347 2658 380 2716 ari
394 2660 512 2722 κολάσεις
527 2659 625 2722 niurias
643 2655 753 2734 ὑομίζοις·
777 2655 829 2714 airu
844 2656 888 2714 sai
903 2661 925 2713 ai
940 2665 986 2715 τῶν
1002 2661 1067 2736 isphr
1082 2659 1172 2716 inrisas
1186 2650 1281 2729 ἔξηγη·

252 2762 298 2820 aori
310 2765 412 2824 τιλιςαί
427 2786 454 2818 rr
468 2761 512 2818 nai
527 2762 682 2834 uvrayuyci'
703 2758 733 2824 ἃς
748 2759 781 2816 oui
793 2759 837 2835 pir
851 2766 901 2824 τοῖς
916 2759 1005 2826 ἄλλοις
1019 2764 1141 2826 ἀπειλεῖς,
1158 2759 1281 2818 irrisorii

253 2895 305 2926 σοι.
346 2865 424 2922 Hinc
438 2865 491 2921 sibi
506 2863 615 2938 colligit
628 2864 730 2940 praesul
748 2864 955 2938 sagacissimus,
971 2865 1154 2943 Imperatoris
1169 2865 1280 2924 Hadri-

254 2973 302 3030 ani
328 2971 518 3028 initiationem
544 2988 606 3045 quae
633 2967 812 3043 Hieronymo
838 2981 1060 3027 commemorata
1086 2981 1139 3038 est,
1168 2971 1283 3030 dedisse

257 3078 483 3137 Christianorum
504 3070 669 3148 mastigibus
693 3072 803 3150 injuria
826 3073 962 3130 facienda
986 3077 1184 3148 occasionem3
1214 3096 1280 3135 cum

255 3183 328 3241 enirn
351 3183 381 3238 in
403 3178 567 3236 Graecorum
588 3177 727 3253 mysteriis
748 3177 858 3233 traduci
879 3197 912 3233 ac
933 3178 1051 3235 derideri
1073 3179 1150 3235 soliti
1171 3180 1281 3239 fuerint

255 3285 421 3350 Christiani,
436 3285 644 3359 imperatorque
653 3280 716 3358 jam
728 3281 762 3340 iis
777 3281 908 3338 omnibns
926 3283 1053 3339 initiatus
1068 3293 1152 3351 esset,
1167 3287 1280 3344 animus

255 3391 315 3469 ejus
327 3410 343 3446 a
354 3389 490 3463 religione
500 3405 565 3442 vera
575 3397 636 3441 tum
647 3385 781 3465 temporis
793 3384 911 3442 alienior
921 3387 1089 3454 habebatur,
1098 3407 1156 3465 quo
1166 3376 1280 3447 facilius

253 3488 314 3573 ipse
333 3493 433 3550 adduci
453 3499 560 3569 posset,
576 3490 802 3545 Christianorum
819 3499 850 3545 ut
867 3491 1047 3547 vexationem
1066 3500 1115 3546 aut
1130 3490 1279 3569 probaret,

215 3594 217 3598 ⁸
254 3603 305 3653 aut
327 3592 426 3650 saltem
446 3591 541 3648 ferret.
590 3589 697 3646 Rerum
722 3601 816 3645 autern
843 3590 944 3646 harum
967 3592 1073 3647 exitum
1097 3592 1138 3648 ita
1160 3594 1286 3651 tradidit·

253 3696 445 3771 Hieronymus
461 3694 609 3751 Chronicou
624 3693 729 3749 Eusebii
741 3693 950 3770 interpretatus
994 3693 1149 3756 Quadratus
1160 3672 1297 3773 discipu-⁸

254 3803 295 3857 lus
312 3800 502 3874 Apostolorum
522 3805 548 3852 et
565 3797 698 3852 Aristides
715 3795 882 3852 Atheniensis
901 3803 989 3852 noster
1006 3798 1180 3872 philosophus
1201 3801 1282 3858 libros

251 3923 302 3982 pro
328 3903 481 3959 Christiana
501 3903 629 3974 religione
646 3901 790 3957 Hadriana
811 3903 906 3957 dedere
929 3900 1094 3976 compositos,
1117 3910 1143 3961 et
1164 3903 1283 3962 Serenus

258 4011 402 4076 Grunnius,
417 4011 530 4083 legatus,
542 4010 585 4062 uir
597 4009 718 4081 apprime
730 4007 825 4063 nabilis
838 4008 930 4062 literas
942 4008 980 4062 ud
992 4010 1179 4082 imperatorem
1192 4013 1280 4078 misit,

253 4118 373 4190 iniquum
390 4133 443 4173 esse
461 4116 549 4171 dicens
567 4111 725 4169 elamoribus
735 4113 811 4186 uulgi
828 4113 1006 4168 maurentium
1020 4112 1156 4170 bominum
1167 4098 1297 4189 sangui-⁵
