2716 4748
203 318 513 388 ANNOTAT.'IN
534 317 774 387 RHODONIS
798 315 970 385 FRAGM.
1038 333 1103 406 353

64 489 227 558 Eusebius
248 482 282 557 in
303 492 360 559 lib.
374 492 415 558 vi.
433 514 505 580 cap.
520 507 571 572 39.
593 491 650 557 ubi
671 489 712 556 de
734 489 918 556 Alexandro
939 489 1102 577 episcopo.

64 583 176 664 λιπαρῷ
196 579 273 666 γήρει
294 579 342 643 nal
364 583 449 666 σεμνῇ
471 583 565 666 πολιᾷ
584 576 796 660 κατεςεμμίνος.
834 576 945 641 Sedet
959 579 1103 664 Symeon

65 663 306 752 Metaphrastes
317 666 351 730 in
363 666 457 730 Actis
471 665 588 729 Phileae
599 664 645 729 ita
654 663 814 750 loquitur:
828 663 916 750 alode
926 662 1038 741 τοιαύτη
1051 680 1104 746 φη·

64 750 237 901 olpipipqsi
256 757 350 838 πολιᾷ
362 750 553 835 σεμνυνόμενος
569 750 628 814 διο.
664 749 774 815 Verba
790 765 866 813 sunt
878 747 1001 814 Judicis
1015 747 1102 834 apud

139 857 222 901 cam.
244 838 455 903 Vsussws.
499 839 548 902 Ex
565 835 667 900 verbis
688 856 763 900 vero
785 833 950 899 Rhodonis
966 833 1102 899 ductum
1187 893 1190 898 .

65 934 117 988 est
130 943 152 986 a
165 923 327 987 nonnullis
342 946 377 989 ar
424 936 569 988 mentum
585 935 696 987 contra
709 919 897 985 narrationis
915 919 1104 986 Tertulliani

63 1006 244 1073 veritatem.
280 1008 361 1075 Vide
401 1008 526 1074 ardneri
541 1006 768 1072 Haereticonrm
783 1006 870 1071 Hist.
887 1028 970 1092 opus
989 1019 1101 1092 postu·

62 1115 170 1172 mum,
184 1115 255 1180 cap.
268 1094 322 1159 xii,
339 1098 370 1179 ξ.
380 1110 411 1160 3.
436 1095 601 1159 Caeterum
615 1093 763 1159 additum
782 1107 832 1158 est
851 1095 994 1157 dolante
1009 1113 1102 1157 voces

63 1181 169 1267 καὶτῷ
182 1181 257 1268 γήρᾳ
271 1181 304 1245 in
319 1181 383 1245 cod.
401 1180 492 1245 Bodl.
529 1180 598 1245 nasi
613 1180 646 1244 in
660 1201 700 1245 eo
714 1179 838 1278 positus
853 1191 935 1243 esset
948 1177 1103 1265 gignendi

63 1287 171 1332 casus.
215 1267 354 1332 Exhibet
371 1268 403 1330 ri
419 1267 496 1332 MS.
546 1265 653 1353 orfolc.
677 1264 868 1351 Nicephorus
887 1263 1104 1344 τὴνπολιτείαν

63 1364 100 1418 et
113 1354 146 1416 ri
189 1352 198 1377 '
239 1400 247 1415 .
312 1376 315 1382 ·

110 1439 145 1503 Ρ.
158 1378 236 1516 galga
244 1437 267 1502 l.
279 1457 309 1517 9.
332 1442 383 1513 τὰς
408 1440 435 1502 δὲ
459 1436 629 1526 προφητείας
656 1437 731 1522 &c.]
758 1435 914 1501 Conferas
936 1434 1104 1501 Rhodonis

61 1528 142 1615 pion
157 1525 220 1588 ΙΙΙ.
234 1525 476 1609 Eusebiumque
491 1536 565 1610 post
579 1525 772 1610 Fragmenta
784 1522 929 1587 allatum.

110 1609 195 1674 Ibid.
217 1609 304 1674 l.10.
330 1610 545 1695 ἀποφθέγμασι]
566 1608 767 1707 ἀποφθέγματι
785 1608 832 1672 ed.
853 1606 960 1693 Stept.
1006 1609 1104 1673 Extat
1136 1666 1139 1671 .

61 1693 163 1761 lectio
181 1695 281 1760 altera
301 1696 386 1782 apud
404 1694 534 1780 Niceplo.
554 1695 682 1760 Grnterr
696 1695 798 1760 Lectt.
817 1692 931 1759 Volesii
950 1692 999 1759 ed.
1020 1694 1104 1759 codo

61 1802 178 1869 aesque
192 1792 311 1846 nostros
322 1784 367 1846 M
367 1783 447 1846 Stos.
479 1783 562 1846 Mox
577 1781 663 1868 apud
678 1779 810 1866 Nicepi.
824 1779 945 1867 legitur
958 1780 1103 1864 icipand-

61 1869 125 1942 icus
138 1867 293 1955 παρθένου.

108 1952 194 2018 Ibid.
208 1953 230 2017 l.
246 1969 293 2017 11.
315 1953 399 2035 ὄνομα
412 1952 594 2039 Φιλουμένης]
615 1952 813 2018 Philumenae
834 1951 963 2018 duobus
977 1950 1011 2016 in
1024 1951 1107 2017 locis

61 2039 171 2126 operis
183 2039 341 2103 aValesio
351 2052 425 2103 ante
440 2039 561 2104 laudati
576 2039 771 2104 mentionem
788 2038 866 2104 facit
875 2038 1107 2118 Tertullianus,

62 2124 135 2190 scil.
159 2146 251 2211 capp.
271 2131 302 2189 6.
324 2138 358 2189 et
377 2140 427 2190 30.
450 2124 549 2189 libelli
572 2126 623 2190 De
645 2124 887 2210 Praescriptione
908 2124 1031 2190 Hoerete
1066 2125 1105 2189 In

61 2210 243 2298 posteriore
264 2223 373 2275 autem
394 2211 511 2274 horum
534 2211 680 2275 locorum
703 2213 772 2276 haec
793 2211 986 2276 scribuntur.
1025 2208 1061 2273 Si
1075 2219 1106 2276 et

61 2294 191 2383 Apellis
212 2307 342 2361 stemma
363 2297 597 2360 retractandum
618 2307 675 2375 est,
699 2307 765 2360 tarn
786 2319 847 2360 non
868 2307 955 2361 vetus
976 2308 1007 2360 et
1029 2295 1105 2380 ipse,

63 2404 162 2482 quam
178 2382 325 2448 Marcion
339 2383 499 2447 institutor
522 2394 553 2447 et
571 2382 797 2469 praeformator
817 2384 903 2467 ejus}
926 2383 980 2446 ted
999 2381 1106 2465 lapsus

62 2484 99 2534 tn
117 2467 279 2556 feminam
303 2468 437 2533 desertor
465 2468 664 2533 continentiae
689 2466 918 2533 Marcionensis
944 2467 982 2532 ol
1009 2466 1106 2532 oculis

63 2553 254 2620 sanctissimi
268 2555 415 2642 magistri
430 2553 659 2619 Alenandriom
674 2553 805 2619 secessit.
837 2553 995 2704 Indppost
1011 2575 1106 2619 annos

61 2662 221 2728 regressus
234 2664 295 2706 non
308 2641 427 2722 melior,
438 2640 500 2704 nisi
513 2652 648 2718 tontum,
662 2663 725 2728 qno
731 2642 806 2725 jam
817 2663 877 2705 non
931 2639 1105 2721 arcionites,

63 2726 99 2791 in
120 2725 254 2791 alteram
262 2727 424 2814 feminam
443 2725 586 2814 impegit,
602 2726 692 2790 illam
712 2726 865 2814 virginem
885 2725 1106 2807 Philumenen,

11 2868 20 2875 .
63 2833 162 2912 priam
180 2826 276 2897 supra
298 2813 459 2890 edidimus,
476 2824 585 2898 postea
604 2835 672 2876 vero
695 2812 830 2877 immane
847 2811 1057 2898 prostibulum
1074 2823 1107 2878 et

63 2904 183 2984 ipsam
206 2898 292 2983 cujus
313 2908 507 2997 energemate
528 2898 854 2986 circumveniamus
876 2898 914 2964 al
936 2920 973 2964 ea
995 2898 1105 2964 didicit

63 2983 270 3050 Phaneroseis
284 2984 419 3070 scripsit.
562 3058 564 3062 ,

11 3092 15 3099 ·
108 3069 294 3134 Ibid.l.12.
319 3076 331 3133 ὁ
349 3071 446 3149 ναύτης
463 3070 613 3159 Μαρκίων]
631 3071 713 3134 Haec
728 3084 778 3135 est
793 3070 914 3136 codicis
929 3069 1022 3155 Regii
1036 3069 1105 3134 lec⁴
1152 3131 1158 3139 .

61 3155 123 3236 tio,
139 3177 237 3244 quam
259 3157 428 3222 confirmat
448 3156 668 3242 interpretatio
692 3156 808 3222 Rufini.
853 3156 906 3220 Sic
921 3155 1007 3219 eriint
1029 3154 1104 3220 ille:

61 3239 137 3307 Alii
159 3251 274 3321 autem,
296 3242 374 3306 sicut
397 3242 462 3328 ipse
482 3253 581 3307 nauta
602 3241 759 3321 Marcion,
781 3241 839 3306 duo
861 3261 925 3305 esse
948 3238 1105 3325 principio

61 3327 275 3392 introducunt.
320 3327 419 3392 Certe
431 3328 645 3394 Tertullianus
659 3327 692 3390 in
707 3328 790 3391 libro
805 3328 844 3392 de
860 3325 1108 3413 praescriptioni·

61 3413 139 3492 bus,
154 3425 290 3478 testatur
311 3414 514 3479 Marcionem
535 3414 627 3479 initio
649 3412 877 3477 navicularium
899 3411 1008 3477 fuisse.
1048 3409 1107 3477 Uli

62 3509 151 3579 taric,
163 3498 196 3563 in
220 3498 279 3577 uit,
291 3499 437 3564 Marcion
450 3499 598 3565 Ponticus
609 3497 783 3579 naucleros,
797 3499 911 3564 Stoicen
923 3495 1106 3563 studiosus?

61 3586 109 3650 Et
129 3585 163 3649 in
183 3583 207 3649 li
232 3606 267 3648 ro
282 3586 308 3648 l.
333 3584 483 3650 adversus
505 3584 704 3650 Marcionem
725 3606 795 3671 cap.
815 3597 861 3649 18.
884 3584 949 3648 Nos
964 3583 1108 3648 Marcio·

61 3675 142 3736 nem'
168 3668 348 3735 nauclerum
377 3671 525 3752 novimus,
554 3693 615 3735 non
642 3691 745 3758 regem
774 3692 835 3734 non
862 3669 942 3755 Imp.
1000 3670 1044 3734 Et
1072 3668 1105 3735 in

60 3755 122 3822 lib.
136 3755 182 3821 iii.
204 3778 276 3843 cap.
293 3763 324 3821 6.
344 3771 377 3822 et
395 3757 452 3821 lib,
472 3757 514 3823 ivs
537 3777 609 3843 cap.
628 3773 660 3834 9.
681 3770 716 3820 et
736 3755 828 3820 initio
850 3755 905 3819 lib,
921 3779 950 3819 ν.
994 3755 1033 3822 ln
1053 3779 1106 3820 re·

61 3840 163 3929 liquis
189 3854 296 3906 tamen
321 3842 554 3929 exemplaribus
577 3844 668 3907 Mac.
693 3841 787 3905 Med.
812 3853 846 3904 et
868 3839 1008 3921 Fuketii,
1031 3862 1107 3906 nec-

61 3947 133 3992 non
159 3927 246 4013 apud
270 3928 495 4016 Nicephorum
520 3927 636 3993 desunt
660 3925 712 3991 hae
737 3947 829 3991 voces
855 3930 868 3989 ὁ
893 3926 1000 4005 ναύτης.
1032 3928 1107 3992 Va·

65 4033 219 4079 nnsrns.
255 4013 421 4079 Omittunt
437 4012 556 4079 Codicis
572 4032 702 4099 quoque
716 4011 821 4078 Veneti
833 4011 935 4076 Lectt.
950 4026 984 4077 et
997 4034 1106 4101 margo

63 4097 114 4163 ed.
131 4097 247 4164 Gener.
274 4099 350 4164 Dici
408 4113 484 4180 sset,
497 4111 624 4163 enatam
640 4120 709 4163 esse
724 4099 810 4163 hunc
824 4119 936 4162 vocem
951 4118 991 4161 ex
1004 4099 1108 4165 vicina

64 4184 161 4263 αὐτὸς,
185 4185 242 4249 sed
264 4206 340 4249 cum
406 4185 567 4251 arcionem
591 4197 723 4249 nautam
746 4183 855 4263 fuisse,
878 4195 965 4248 certe
984 4183 1031 4249 sic
1051 4206 1109 4272 ap·

64 4267 223 4356 pellatam
247 4291 327 4354 esse,-
352 4292 392 4337 cx
413 4270 612 4341 Tertulliano
639 4281 778 4350 constet,
801 4269 1109 4357 nocuoqueclectio,

111 4373 202 4424 VOlu
219 4375 245 4423 1.
565 4375 619 4421 U
