2716 4748
288 268 354 352 555
621 285 981 353 nuuornrtouss

288 461 311 492 “
324 468 419 541 atque
441 455 490 520 via
510 455 619 521 salutis
642 471 675 522 et
698 457 779 537 ritae,
804 481 844 523 an
867 456 1053 545 perditionis
1074 470 1175 546 atque
1195 458 1317 524 mortis.

288 546 310 579 “
324 541 451 627 Quibus
472 540 525 606 ille
544 543 715 628 respondit,
730 547 823 620 Ἰηοῦν
836 545 901 624 sboq
913 549 1036 630 σωτῆρα,
1050 545 1157 608 Jesum
1171 566 1235 609 esse
1249 545 1318 610 Ser·

287 633 309 664 “
325 636 460 691 veterem
473 627 591 691 ntundi.
634 630 677 691 Et
697 629 794 714 paulo
816 645 890 716 post
911 652 1006 715 supra
1026 651 1103 716 pag.
1121 644 1188 706 107.
1235 630 1318 718 Quid

288 718 311 749 “
325 734 373 776 me
387 712 586 799 interrogetis
607 713 644 777 de
662 714 737 779 Jesu
748 714 823 800 filio
845 715 1000 780 dominis?
1017 715 1080 800 ipse
1095 716 1179 780 sedet
1193 715 1226 780 in
1243 715 1315 781 coelo

287 803 310 835 “
325 819 345 860 5
373 797 490 862 dextris
515 821 645 862 sommae
670 799 806 880 virtutis,
832 813 861 864 et
884 811 1030 865 uenturus
1056 811 1102 864 est
1126 801 1161 864 in
1187 801 1316 866 nudiims

286 888 309 921 “
323 882 427 947 coeli.''
455 886 538 948 Haec
554 884 694 949 Grabius
706 907 739 970 p.
756 901 824 950 255.
860 886 1062 950 Moshemius
1076 887 1198 964 aut'em,
1212 887 1246 951 in
1259 887 1314 952 lib.

285 969 337 1032 De
356 968 457 1034 Rebus
480 968 725 1033 Christianorum
747 982 818 1035 onte
842 972 944 1036 Const.
966 972 1017 1034 M.
1040 973 1120 1036 Saec.
1137 974 1165 1035 1.
1186 972 1313 1055 §.xxiii

283 1074 316 1138 p.
328 1069 378 1131 95.
394 1069 563 1156 postquam
580 1055 695 1122 eruditi
710 1055 876 1144 cujusdam
899 1056 985 1121 Galli
1007 1058 1142 1143 protulit
1164 1058 1314 1123 emende-

282 1139 417 1219 tionem,
433 1164 488 1240 qur
501 1140 691 1205 vocabulum
710 1142 782 1228 θύρα
805 1142 1001 1207 Hebraicum
1020 1164 1087 1206 esse
1105 1141 1313 1228 judicaverat,

282 1237 377 1310 atque
392 1227 530 1290 scrrbere
539 1226 679 1313 jusserat
692 1242 771 1295 tt'ttn
786 1227 847 1307 lex,
859 1242 914 1292 aut
928 1229 1035 1314 potius
1045 1229 1117 1313 θύρα
1129 1243 1313 1293 converten-

281 1309 359 1375 dum
374 1332 443 1376 esse
455 1312 488 1375 in
500 1311 572 1398 θόροι
583 1325 720 1397 putarat,
735 1310 836 1376 isthac
850 1314 1029 1398 improbata
1042 1313 1230 1399 conjectura
1243 1315 1312 1379 viti·

281 1419 337 1460 um
354 1396 431 1496 ipse,
447 1420 511 1461 non
526 1398 558 1460 in
573 1397 728 1461 vocabulo
743 1398 827 1484 θύρα,
843 1398 898 1462 sed
936 1400 1020 1463 otius
1040 1397 1218 1462 innomine
1235 1401 1312 1464 Jesu

281 1504 382 1568 quaerr
401 1483 510 1547 deberi
531 1498 658 1562 censet;
681 1505 745 1546 non
768 1483 852 1547 enim
875 1420 1011 1561 dubitat,
1029 1485 1104 1570 quin
1124 1485 1232 1568 patrio
1250 1508 1313 1549 scr·

281 1590 378 1632 mone
400 1592 464 1654 quo
486 1568 593 1632 Judaei
621 1569 803 1647 utebantur,
830 1568 1019 1632 vocabulum
1042 1567 1196 1632 Jesctuat
1226 1584 1313 1642 55155·

280 1653 495 1732 adhibuerint,
509 1667 604 1740 atque
621 1675 660 1716 ex
673 1654 692 1717 J
695 1654 798 1717 acobo
811 1653 1032 1740 quaesiverint;
1054 1653 1130 1732 Dic,
1146 1675 1312 1740 rogamus,

279 1738 383 1817 nobis,
403 1739 565 1825 quodnam
584 1739 643 1802 tibi
664 1737 806 1803 videatur
826 1760 896 1802 esse
914 1737 1024 1803 salutis
1044 1740 1185 1803 ostium?
1218 1740 1311 1805 Gra·-

278 1845 353 1887 cum
368 1824 573 1910 interpretem
589 1845 662 1888 vero
678 1823 774 1910 hujus
788 1823 983 1910 quaestionis,
998 1837 1054 1889 aut
1067 1824 1226 1889 sermonis
1240 1822 1311 1891 He·

277 1908 378 1972 braici
405 1931 469 1972 non
498 1907 591 1972 nimis
618 1931 767 1995 gnarum,
793 1922 850 1972 aut
871 1909 976 1973 miuus
997 1921 1167 1988 attentum,
1191 1932 1311 1977 nomen

275 1994 441 2080 proprium
467 1993 631 2058 servatoris
657 1994 758 2057 nostri
782 1995 873 2059 Jesus
896 2016 1024 2058 cernere
1051 2017 1084 2058 se
1109 2010 1253 2080 putasse,
1277 2011 1311 2063 et

275 2099 441 2164 perperam
464 2079 582 2145 idcirco
605 2079 777 2165 scripsisse,
791 2079 833 2154 τίς
848 2087 862 2157 ἡ
878 2078 950 2166 θύρα
962 2081 1064 2158 Ἰησοῦ,
1078 2101 1138 2165 pro
1150 2079 1193 2155 ri5
1207 2089 1224 2159 ἡ
1237 2082 1311 2169 θύρα

276 2167 323 2240 τῆς
337 2163 489 2250 empna
505 2166 627 2252 Atque,
645 2165 672 2229 si
686 2165 731 2230 ita
741 2166 760 2229 1
764 2165 928 2229 udaeorum
944 2165 1079 2252 quaestio
1096 2165 1199 2230 intelli
1225 2182 1310 2250 atur,

276 2249 355 2315 nihil
370 2249 436 2314 fieri
451 2250 554 2337 aptius
567 2270 661 2336 posse
675 2250 720 2314 vir
734 2250 775 2315 51.
790 2263 881 2349 putat
895 2251 1100 2336 responsione
1112 2252 1195 2316 Jaco
1220 2253 1242 2317 i.

319 2336 383 2399 Sed
404 2336 475 2399 haec
496 2335 660 2400 hactenus.
696 2337 728 2398 A
747 2335 910 2400 Michaele
926 2336 1054 2421 quidem
1071 2337 1175 2422 Glyca
1189 2338 1224 2401 in
1237 2338 1309 2404 An·

274 2420 397 2486 noiibus
414 2421 477 2486 suis
494 2422 715 2508 Hegesippum
733 2421 882 2484 afferente
902 2420 944 2495 τίς
962 2429 977 2497 ἡ
998 2421 1069 2507 θύρα
1087 2429 1136 2484 τοῦ
1153 2426 1230 2487 Θεοῦ
1247 2447 1309 2510 pro

273 2513 310 2571 τέ
330 2510 409 2585 Ἰηοῦ
428 2509 582 2593 scriptum
603 2507 715 2571 iuveni.
741 2508 773 2569 P.
786 2505 829 2570 iii.
872 2520 961 2570 .228.
977 2506 1027 2570 ed.
1042 2507 1186 2571 Labbaei.
1222 2511 1308 2596 Quis

274 2612 348 2656 vero
364 2593 423 2656 hac
438 2593 525 2656 dere
540 2592 633 2655 fidem
652 2592 742 2656 dabit
757 2591 830 2654 testi
848 2528 977 2677 iongius
998 2614 1017 2655 a
1036 2592 1237 2677 temporibus
1255 2617 1307 2659 re·

273 2690 376 2757 moto,
389 2679 511 2742 caeteris
526 2679 748 2740 vetustioribus
763 2676 911 2740 omnibus
927 2677 1240 2742 contradicentibus?

318 2764 351 2826 P.
369 2778 434 2840 193.
450 2763 472 2825 1.
488 2777 516 2825 8.
539 2765 569 2838 ἐξ
584 2761 630 2846 ὧν]
652 2767 681 2839 ἐξ
695 2762 724 2824 οὗ
739 2760 823 2824 haud
839 2761 922 2824 male
942 2762 1093 2848 Georgius
1108 2762 1246 2848 Syncell.

316 2847 398 2909 Ibid.
414 2846 435 2908 1.
451 2864 480 2923 9.
503 2851 551 2908 οὐκ
573 2847 690 2917 inissent
710 2844 769 2909 orire
791 2844 937 2931 o'rroi5aorv]
957 2848 1045 2910 Male
1064 2848 1196 2912 Rufinus
1211 2871 1307 2914 eum-

273 2954 336 3018 que
350 2945 476 2995 secutus
492 2931 801 3018 Christophorsonus
815 2932 907 2995 vertit
922 2955 980 2996 non
996 2932 1199 3012 crediderunt,
1211 2936 1304 3021 quasi

271 3019 432 3104 legeretur
447 3021 494 3078 οὐκ
511 3015 664 3089 hireneus.
691 3020 804 3102 Longe
819 3017 934 3082 meiius
949 3018 1118 3082 Musculus
1132 3020 1228 3084 vertit
1242 3044 1305 3086 non

271 3103 407 3166 credunt.
456 3104 543 3172 Nem
572 3104 685 3165 Graeca
706 3125 766 3164 vox
790 3102 871 3166 hanc
898 3102 995 3166 habet
1019 3103 1302 3189 significationem.

270 3190 396 3253 Falsum
421 3201 527 3251 tamen
550 3201 598 3252 est
618 3210 671 3250 eas
694 3201 795 3251 sectas
817 3209 880 3250 non
901 3188 1070 3252 credidisse
1091 3191 1303 3255 resurrectio-

270 3297 355 3338 nem.
392 3273 481 3341 Nam,
508 3273 655 3336 Pharisaei
680 3294 751 3335 eam
776 3272 958 3336 credebant.
995 3275 1202 3339 Vntssws.
1246 3278 1302 3341 De

270 3359 391 3422 Christi
414 3359 642 3423 resurrectione
665 3357 888 3443 Hegesippum
907 3359 1130 3443 interpretatus
1144 3374 1193 3424 est
1209 3362 1301 3424 Rufi·

269 3466 339 3522 nus,
358 3444 518 3522 vertendo,
533 3467 592 3507 non
610 3443 801 3506 crediderunt
819 3465 915 3528 neque
927 3443 1093 3508 surrexisse
1105 3467 1185 3523 eum,
1201 3469 1301 3532 neque

267 3540 429 3593 veritatum
446 3530 504 3592 dcc.
543 3528 766 3612 Fabriciosque
785 3527 826 3591 ad
840 3529 979 3592 Abdiam
1001 3529 1033 3592 in
1048 3529 1191 3614 Apostol.
1208 3531 1297 3597 Hist.

269 3615 417 3678 Rufinum
432 3613 658 3677 exscribentern
672 3612 741 3677 haec
753 3624 854 3690 notat,
866 3615 995 3698 “longe
1009 3614 1121 3678 melius
1136 3637 1211 3680 cum
1228 3632 1299 3684 tota

267 3700 383 3763 “serie
406 3701 556 3762 orationis
582 3699 731 3777 cohaeret‚
758 3698 784 3760 si
810 3697 930 3762 Christi
959 3700 1225 3764 resurrectionem
1254 3704 1297 3769 ab

266 3792 290 3825 “
303 3785 365 3848 illis
387 3784 543 3847 haereticis
564 3805 603 3847 ne
628 3797 711 3847 atam
734 3805 807 3846 cum
833 3784 948 3847 Rufino
970 3783 1123 3848 dicamus.
1162 3787 1297 3852 Valesio

266 3877 412 3933 “tamen
436 3883 469 3932 et
492 3805 644 3932 Musonio
669 3868 880 3953 adstipulatur
904 3869 1140 3954 Metaphrastes
1168 3893 1202 3957 p.
1225 3888 1296 3941 525.

266 3958 341 4018 “Oi
360 3955 387 4017 δὲ
406 3953 515 4031 >irrisorie
531 3980 562 4016 τε
582 3956 627 4016 καὶ
650 3952 796 4037 ἀντέλεγον
813 3958 887 4016 nerui
906 3955 1064 4040 παράδοσιν
1082 3959 1131 4018 οὐκ
1150 3959 1231 4041 ὀρθὴν
1245 3959 1295 4020 καὶ

264 4048 288 4080 “
301 4039 424 4118 πλάνην.
452 4044 490 4101 At
510 4043 566 4124 γοὶρ
589 4038 701 4124 αἱρέσεις
723 4039 805 4101 αὗται
825 4042 911 4124 παρὰ
929 4039 1077 4118 Ἰουδαίοις,
1092 4041 1127 4114 ὥς
1144 4046 1210 4105 θεῖοι
1224 4046 1295 4121 pao}
1344 4076 1347 4082 ·

264 4133 287 4166 “
301 4126 387 4211 λόγια
404 4123 545 4210 (respicit
558 4124 633 4188 Act.
647 4123 732 4188 xxiii.
748 4138 776 4188 8.
798 4125 852 4187 ubi
872 4123 912 4187 de
927 4124 1002 4187 solis
1020 4146 1125 4188 sermo
1143 4141 1193 4191 est
1212 4128 1296 4193 Sad-

264 4218 286 4251 “
300 4211 430 4293 ducaeis)
446 4208 493 4274 ὅτε
507 4209 641 4283 ἁνάςοισον
654 4207 823 4296 ἐπρέσὸεοον,
839 4207 886 4272 dre
901 4208 1044 4294 ἐρχόμενον
1055 4212 1185 4291 &ordirer
1200 4213 1295 4307 ἑκάςφ
