<?xml version="1.0" encoding="UTF-8"?>
<!DOCTYPE html PUBLIC "-//W3C//DTD XHTML 1.0 Transitional//EN"
    "http://www.w3.org/TR/xhtml1/DTD/xhtml1-transitional.dtd">
<html xmlns="http://www.w3.org/1999/xhtml" xml:lang="en" lang="en">
 <head>
  <title>
</title>
<meta http-equiv="Content-Type" content="text/html;charset=utf-8" />
  <meta name='ocr-system' content='tesseract 3.04.00' />
  <meta name='ocr-capabilities' content='ocr_page ocr_carea ocr_par ocr_line ocrx_word'/>
</head>
<body>
  <div class='ocr_page' id='page_1' title='image "./reliquiaesacrae00routgoog_0253.png"; bbox 0 0 2716 4748; ppageno 0'>
   <div class='ocr_carea' id='block_1_1' title="bbox 162 270 1095 380">
    <p class='ocr_par' dir='ltr' id='par_1_1' title="bbox 162 270 1095 380">
     <span class='ocr_line' id='line_1_1' title="bbox 162 270 1095 380; baseline -0.001 -37"><span class='ocrx_word' id='word_1_1' title='bbox 162 300 165 306; x_wconf 80' lang='grc'>’</span> <span class='ocrx_word' id='word_1_2' title='bbox 271 277 323 345; x_wconf 90' lang='grc' dir='ltr'>ΙΝ</span> <span class='ocrx_word' id='word_1_3' title='bbox 345 273 577 345; x_wconf 84' lang='lat' dir='ltr'>HEGESIPPI</span> <span class='ocrx_word' id='word_1_4' title='bbox 601 270 895 380; x_wconf 57' lang='lat' dir='ltr'>FRAGMENTA.</span> <span class='ocrx_word' id='word_1_5' title='bbox 1034 297 1095 363; x_wconf 74' lang='lat'>213</span> 
     </span>
    </p>
   </div>
   <div class='ocr_carea' id='block_1_2' title="bbox 63 445 1096 598">
    <p class='ocr_par' dir='ltr' id='par_1_2' title="bbox 63 445 1096 598">
     <span class='ocr_line' id='line_1_2' title="bbox 63 445 1096 598; baseline -0.001 -84"><span class='ocrx_word' id='word_1_6' title='bbox 63 445 214 598; x_wconf 74' lang='lat' dir='ltr'>Quippe,</span> <span class='ocrx_word' id='word_1_7' title='bbox 228 447 342 535; x_wconf 90' lang='lat' dir='ltr'>iuquit,</span> <span class='ocrx_word' id='word_1_8' title='bbox 357 449 451 516; x_wconf 91' lang='lat' dir='ltr'>multi</span> <span class='ocrx_word' id='word_1_9' title='bbox 469 450 560 515; x_wconf 88' lang='lat' dir='ltr'>fuere</span> <span class='ocrx_word' id='word_1_10' title='bbox 580 449 716 530; x_wconf 88' lang='lat' dir='ltr'>Jacobi;</span> <span class='ocrx_word' id='word_1_11' title='bbox 738 448 795 515; x_wconf 87' lang='lat' dir='ltr'>sed</span> <span class='ocrx_word' id='word_1_12' title='bbox 817 448 870 514; x_wconf 91' lang='lat' dir='ltr'>hic</span> <span class='ocrx_word' id='word_1_13' title='bbox 892 467 958 534; x_wconf 76' lang='lat' dir='ltr'>pra</span> <span class='ocrx_word' id='word_1_14' title='bbox 981 446 1096 513; x_wconf 88' lang='lat' dir='ltr'>ceteris</span> 
     </span>
    </p>
   </div>
   <div class='ocr_carea' id='block_1_3' title="bbox 54 533 1196 2684">
    <p class='ocr_par' dir='ltr' id='par_1_3' title="bbox 55 533 1097 1199">
     <span class='ocr_line' id='line_1_3' title="bbox 79 533 1097 623; baseline -0.001 -25"><span class='ocrx_word' id='word_1_15' title='bbox 79 547 145 598; x_wconf 88' lang='lat' dir='ltr'>ustr</span> <span class='ocrx_word' id='word_1_16' title='bbox 160 555 190 599; x_wconf 88' lang='lat' dir='ltr'>ra</span> <span class='ocrx_word' id='word_1_17' title='bbox 211 533 372 614; x_wconf 85' lang='lat' dir='ltr'>excelluit,</span> <span class='ocrx_word' id='word_1_18' title='bbox 395 549 432 600; x_wconf 93' lang='lat' dir='ltr'>ut</span> <span class='ocrx_word' id='word_1_19' title='bbox 456 536 567 601; x_wconf 90' lang='lat' dir='ltr'>multis</span> <span class='ocrx_word' id='word_1_20' title='bbox 588 536 785 622; x_wconf 81' lang='lat' dir='ltr'>argumentis</span> <span class='ocrx_word' id='word_1_21' title='bbox 810 533 959 623; x_wconf 82' lang='lat' dir='ltr'>deinceps</span> <span class='ocrx_word' id='word_1_22' title='bbox 981 533 1097 621; x_wconf 87' lang='lat' dir='ltr'>probat</span> 
     </span>
     <span class='ocr_line' id='line_1_4' title="bbox 55 555 1097 708; baseline -0.001 -25"><span class='ocrx_word' id='word_1_23' title='bbox 55 555 287 706; x_wconf 72' lang='lat' dir='ltr'>liegeaippcs.</span> <span class='ocrx_word' id='word_1_24' title='bbox 327 620 457 686; x_wconf 90' lang='lat' dir='ltr'>Deinde</span> <span class='ocrx_word' id='word_1_25' title='bbox 474 621 501 685; x_wconf 91' lang='lat' dir='ltr'>si</span> <span class='ocrx_word' id='word_1_26' title='bbox 520 621 658 708; x_wconf 86' lang='lat' dir='ltr'>priorem</span> <span class='ocrx_word' id='word_1_27' title='bbox 672 621 909 686; x_wconf 87' lang='lat' dir='ltr'>distinctionem</span> <span class='ocrx_word' id='word_1_28' title='bbox 925 641 1097 705; x_wconf 89' lang='lat' dir='ltr'>sequamur</span> 
     </span>
     <span class='ocr_line' id='line_1_5' title="bbox 60 705 1095 792; baseline -0.001 -23"><span class='ocrx_word' id='word_1_29' title='bbox 60 725 143 769; x_wconf 85' lang='lat' dir='ltr'>cum</span> <span class='ocrx_word' id='word_1_30' title='bbox 169 705 296 786; x_wconf 87' lang='lat' dir='ltr'>Rufino,</span> <span class='ocrx_word' id='word_1_31' title='bbox 320 706 436 771; x_wconf 85' lang='lat' dir='ltr'>falsum</span> <span class='ocrx_word' id='word_1_32' title='bbox 464 707 524 772; x_wconf 89' lang='lat' dir='ltr'>erit</span> <span class='ocrx_word' id='word_1_33' title='bbox 546 705 625 771; x_wconf 92' lang='lat' dir='ltr'>illud</span> <span class='ocrx_word' id='word_1_34' title='bbox 672 707 740 772; x_wconf 92' lang='lat' dir='ltr'>uod</span> <span class='ocrx_word' id='word_1_35' title='bbox 762 705 916 792; x_wconf 88' lang='lat' dir='ltr'>sequitur,</span> <span class='ocrx_word' id='word_1_36' title='bbox 935 706 1095 770; x_wconf 90' lang='lat' dir='ltr'>Jacobum</span> 
     </span>
     <span class='ocr_line' id='line_1_6' title="bbox 60 789 1097 892; baseline -0.001 -37"><span class='ocrx_word' id='word_1_37' title='bbox 60 789 189 890; x_wconf 71' lang='lat' dir='ltr'>scilicet</span> <span class='ocrx_word' id='word_1_38' title='bbox 203 791 399 878; x_wconf 82' lang='lat' dir='ltr'>Episcopum</span> <span class='ocrx_word' id='word_1_39' title='bbox 413 814 434 856; x_wconf 87' lang='lat' dir='ltr'>a</span> <span class='ocrx_word' id='word_1_40' title='bbox 448 793 645 892; x_wconf 74' lang='lat' dir='ltr'>temporibus</span> <span class='ocrx_word' id='word_1_41' title='bbox 695 793 795 857; x_wconf 91' lang='lat' dir='ltr'>omini</span> <span class='ocrx_word' id='word_1_42' title='bbox 808 813 910 890; x_wconf 79' lang='lat' dir='ltr'>usque</span> <span class='ocrx_word' id='word_1_43' title='bbox 923 790 964 855; x_wconf 86' lang='lat' dir='ltr'>ad</span> <span class='ocrx_word' id='word_1_44' title='bbox 984 793 1097 876; x_wconf 88' lang='lat' dir='ltr'>Hege-</span> 
     </span>
     <span class='ocr_line' id='line_1_7' title="bbox 58 877 1095 1050; baseline -0.012 -25"><span class='ocrx_word' id='word_1_45' title='bbox 58 877 1095 1050; x_wconf 40' lang='lat' dir='ltr'>2255..&amp;mammilla..lffbltttlt§Siliam</span> 
     </span>
     <span class='ocr_line' id='line_1_8' title="bbox 59 1047 1095 1135; baseline -0.001 -23"><span class='ocrx_word' id='word_1_46' title='bbox 59 1068 181 1113; x_wconf 89' lang='lat' dir='ltr'>norum</span> <span class='ocrx_word' id='word_1_47' title='bbox 201 1049 400 1135; x_wconf 84' lang='lat' dir='ltr'>temporibus</span> <span class='ocrx_word' id='word_1_48' title='bbox 414 1049 533 1129; x_wconf 88' lang='lat' dir='ltr'>floruit,</span> <span class='ocrx_word' id='word_1_49' title='bbox 547 1063 585 1114; x_wconf 90' lang='lat' dir='ltr'>ut</span> <span class='ocrx_word' id='word_1_50' title='bbox 605 1051 750 1135; x_wconf 87' lang='lat' dir='ltr'>superius</span> <span class='ocrx_word' id='word_1_51' title='bbox 770 1047 941 1114; x_wconf 84' lang='lat' dir='ltr'>observavi.</span> <span class='ocrx_word' id='word_1_52' title='bbox 969 1049 1095 1112; x_wconf 75' lang='lat' dir='ltr'>Vuae·</span> 
     </span>
     <span class='ocr_line' id='line_1_9' title="bbox 61 1152 164 1199; baseline -0.01 -2"><span class='ocrx_word' id='word_1_53' title='bbox 61 1152 164 1199; x_wconf 77' lang='lat' dir='ltr'>sius.</span> 
     </span>
    </p>

    <p class='ocr_par' dir='ltr' id='par_1_4' title="bbox 57 1216 1096 1537">
     <span class='ocr_line' id='line_1_10' title="bbox 106 1216 1095 1306; baseline 0.002 -23"><span class='ocrx_word' id='word_1_54' title='bbox 106 1219 142 1283; x_wconf 90' lang='lat' dir='ltr'>P.</span> <span class='ocrx_word' id='word_1_55' title='bbox 160 1217 263 1296; x_wconf 63' lang='lat'>1921.</span> <span class='ocrx_word' id='word_1_56' title='bbox 280 1232 327 1282; x_wconf 82' lang='lat'>13.</span> <span class='ocrx_word' id='word_1_57' title='bbox 349 1217 442 1304; x_wconf 78' lang='grc' dir='ltr'>ἅγιος]</span> <span class='ocrx_word' id='word_1_58' title='bbox 462 1218 543 1306; x_wconf 74' lang='grc' dir='ltr'><strong><em>ἄγνος</em></strong></span> <span class='ocrx_word' id='word_1_59' title='bbox 566 1241 626 1305; x_wconf 90' lang='lat' dir='ltr'>pro</span> <span class='ocrx_word' id='word_1_60' title='bbox 648 1216 726 1304; x_wconf 79' lang='grc' dir='ltr'><strong><em>ἅγιος</em></strong></span> <span class='ocrx_word' id='word_1_61' title='bbox 747 1218 863 1304; x_wconf 86' lang='lat' dir='ltr'>legisse</span> <span class='ocrx_word' id='word_1_62' title='bbox 884 1218 1008 1283; x_wconf 90' lang='lat' dir='ltr'>videtur</span> <span class='ocrx_word' id='word_1_63' title='bbox 1030 1218 1095 1285; x_wconf 89' lang='lat' dir='ltr'>Ce-</span> 
     </span>
     <span class='ocr_line' id='line_1_11' title="bbox 57 1301 1095 1391; baseline 0.003 -24"><span class='ocrx_word' id='word_1_64' title='bbox 57 1301 182 1368; x_wconf 82' lang='lat' dir='ltr'>drenus</span> <span class='ocrx_word' id='word_1_65' title='bbox 193 1302 281 1369; x_wconf 78' lang='lat' dir='ltr'>Hiri.</span> <span class='ocrx_word' id='word_1_66' title='bbox 293 1305 458 1390; x_wconf 82' lang='lat' dir='ltr'>Compend.</span> <span class='ocrx_word' id='word_1_67' title='bbox 472 1327 504 1391; x_wconf 88' lang='lat' dir='ltr'>p.</span> <span class='ocrx_word' id='word_1_68' title='bbox 516 1311 583 1384; x_wconf 85' lang='lat'>169.</span> <span class='ocrx_word' id='word_1_69' title='bbox 593 1303 641 1368; x_wconf 89' lang='lat' dir='ltr'>ed.</span> <span class='ocrx_word' id='word_1_70' title='bbox 652 1303 753 1368; x_wconf 80' lang='lat' dir='ltr'>Basil.</span> <span class='ocrx_word' id='word_1_71' title='bbox 766 1305 821 1369; x_wconf 93' lang='lat' dir='ltr'>ubi</span> <span class='ocrx_word' id='word_1_72' title='bbox 837 1305 907 1368; x_wconf 88' lang='lat' dir='ltr'>haec</span> <span class='ocrx_word' id='word_1_73' title='bbox 918 1304 959 1371; x_wconf 89' lang='lat' dir='ltr'>de</span> <span class='ocrx_word' id='word_1_74' title='bbox 970 1306 1095 1370; x_wconf 85' lang='lat' dir='ltr'>Jacobo</span> 
     </span>
     <span class='ocr_line' id='line_1_12' title="bbox 58 1386 1096 1537; baseline 0.003 -85"><span class='ocrx_word' id='word_1_75' title='bbox 58 1386 200 1537; x_wconf 54' lang='lat' dir='ltr'>greviter</span> <span class='ocrx_word' id='word_1_76' title='bbox 213 1389 396 1469; x_wconf 86' lang='lat' dir='ltr'>afferuntur,</span> <span class='ocrx_word' id='word_1_77' title='bbox 411 1391 517 1456; x_wconf 87' lang='lat' dir='ltr'>tacitis</span> <span class='ocrx_word' id='word_1_78' title='bbox 538 1390 669 1455; x_wconf 91' lang='lat' dir='ltr'>Eusebii</span> <span class='ocrx_word' id='word_1_79' title='bbox 692 1391 935 1478; x_wconf 90' lang='lat' dir='ltr'>Hegesippique</span> <span class='ocrx_word' id='word_1_80' title='bbox 956 1390 1096 1455; x_wconf 83' lang='lat' dir='ltr'>nomini-</span> 
     </span>
    </p>

    <p class='ocr_par' dir='ltr' id='par_1_5' title="bbox 86 1496 136 1539">
     <span class='ocr_line' id='line_1_13' title="bbox 86 1496 136 1539; baseline -0.06 0"><span class='ocrx_word' id='word_1_81' title='bbox 86 1496 136 1539; x_wconf 89' lang='lat' dir='ltr'>us.</span> 
     </span>
    </p>

    <p class='ocr_par' dir='ltr' id='par_1_6' title="bbox 56 1557 1095 1794">
     <span class='ocr_line' id='line_1_14' title="bbox 105 1557 1093 1646; baseline 0.002 -24"><span class='ocrx_word' id='word_1_82' title='bbox 105 1557 192 1623; x_wconf 87' lang='lat' dir='ltr'>lbid.</span> <span class='ocrx_word' id='word_1_83' title='bbox 207 1558 230 1623; x_wconf 95' lang='lat' dir='ltr'>l.</span> <span class='ocrx_word' id='word_1_84' title='bbox 249 1572 296 1623; x_wconf 87' lang='grc'>14.</span> <span class='ocrx_word' id='word_1_85' title='bbox 317 1561 395 1646; x_wconf 73' lang='grc' dir='ltr'>ξυρὸν</span> <span class='ocrx_word' id='word_1_86' title='bbox 415 1561 457 1624; x_wconf 78' lang='grc' dir='ltr'>ἐπὶ</span> <span class='ocrx_word' id='word_1_87' title='bbox 476 1565 524 1639; x_wconf 68' lang='grc' dir='ltr'>τὴν</span> <span class='ocrx_word' id='word_1_88' title='bbox 544 1565 664 1642; x_wconf 71' lang='grc' dir='ltr'>κεφαλὴν</span> <span class='ocrx_word' id='word_1_89' title='bbox 681 1560 755 1643; x_wconf 73' lang='lat' dir='ltr'>irc]</span> <span class='ocrx_word' id='word_1_90' title='bbox 772 1560 862 1624; x_wconf 88' lang='lat' dir='ltr'>Idem</span> <span class='ocrx_word' id='word_1_91' title='bbox 879 1560 919 1624; x_wconf 90' lang='lat' dir='ltr'>de</span> <span class='ocrx_word' id='word_1_92' title='bbox 937 1562 1030 1624; x_wconf 86' lang='lat' dir='ltr'>Petro</span> <span class='ocrx_word' id='word_1_93' title='bbox 1045 1561 1093 1624; x_wconf 84' lang='lat' dir='ltr'>le·</span> 
     </span>
     <span class='ocr_line' id='line_1_15' title="bbox 56 1644 1095 1794; baseline 0.001 -85"><span class='ocrx_word' id='word_1_94' title='bbox 56 1663 123 1794; x_wconf 48' lang='lat' dir='ltr'>gs</span> <span class='ocrx_word' id='word_1_95' title='bbox 143 1644 177 1709; x_wconf 89' lang='lat' dir='ltr'>in</span> <span class='ocrx_word' id='word_1_96' title='bbox 198 1645 383 1731; x_wconf 89' lang='lat' dir='ltr'>Recognitt.</span> <span class='ocrx_word' id='word_1_97' title='bbox 408 1644 584 1710; x_wconf 91' lang='lat' dir='ltr'>Clementis</span> <span class='ocrx_word' id='word_1_98' title='bbox 602 1645 653 1709; x_wconf 90' lang='lat' dir='ltr'>vii.</span> <span class='ocrx_word' id='word_1_99' title='bbox 669 1651 699 1708; x_wconf 83' lang='lat'>6.</span> <span class='ocrx_word' id='word_1_100' title='bbox 722 1645 778 1708; x_wconf 93' lang='lat' dir='ltr'>ubi</span> <span class='ocrx_word' id='word_1_101' title='bbox 799 1644 862 1709; x_wconf 92' lang='lat' dir='ltr'>vid.</span> <span class='ocrx_word' id='word_1_102' title='bbox 886 1644 1095 1712; x_wconf 89' lang='lat' dir='ltr'>Cotelerium.</span> 
     </span>
    </p>

    <p class='ocr_par' dir='ltr' id='par_1_7' title="bbox 54 1729 1196 2684">
     <span class='ocr_line' id='line_1_16' title="bbox 96 1729 1095 1817; baseline 0.001 -23"><span class='ocrx_word' id='word_1_103' title='bbox 96 1751 116 1794; x_wconf 90' lang='lat' dir='ltr'>e</span> <span class='ocrx_word' id='word_1_104' title='bbox 130 1729 293 1795; x_wconf 88' lang='lat' dir='ltr'>Matthaeo</span> <span class='ocrx_word' id='word_1_105' title='bbox 307 1730 393 1816; x_wconf 90' lang='lat' dir='ltr'>apud</span> <span class='ocrx_word' id='word_1_106' title='bbox 409 1729 610 1794; x_wconf 89' lang='lat' dir='ltr'>Clementem</span> <span class='ocrx_word' id='word_1_107' title='bbox 624 1730 719 1796; x_wconf 88' lang='lat' dir='ltr'>Alex.</span> <span class='ocrx_word' id='word_1_108' title='bbox 735 1729 790 1793; x_wconf 91' lang='lat' dir='ltr'>lib.</span> <span class='ocrx_word' id='word_1_109' title='bbox 803 1729 836 1793; x_wconf 91' lang='lat' dir='ltr'>ii.</span> <span class='ocrx_word' id='word_1_110' title='bbox 850 1752 879 1794; x_wconf 92' lang='lat' dir='ltr'>c.</span> <span class='ocrx_word' id='word_1_111' title='bbox 895 1746 922 1794; x_wconf 91' lang='lat'>1.</span> <span class='ocrx_word' id='word_1_112' title='bbox 939 1731 1095 1817; x_wconf 86' lang='lat' dir='ltr'>Paedago-</span> 
     </span>
     <span class='ocr_line' id='line_1_17' title="bbox 56 1812 1095 1902; baseline 0.001 -22"><span class='ocrx_word' id='word_1_113' title='bbox 56 1815 109 1902; x_wconf 84' lang='lat' dir='ltr'>gi.</span> <span class='ocrx_word' id='word_1_114' title='bbox 131 1816 163 1880; x_wconf 90' lang='lat' dir='ltr'>J.</span> <span class='ocrx_word' id='word_1_115' title='bbox 175 1812 219 1879; x_wconf 85' lang='lat' dir='ltr'>A.</span> <span class='ocrx_word' id='word_1_116' title='bbox 234 1815 460 1895; x_wconf 75' lang='lat' dir='ltr'>Fanurcrus,</span> <span class='ocrx_word' id='word_1_117' title='bbox 474 1815 515 1880; x_wconf 90' lang='lat' dir='ltr'>ad</span> <span class='ocrx_word' id='word_1_118' title='bbox 529 1815 645 1901; x_wconf 82' lang='lat' dir='ltr'>Abdiae</span> <span class='ocrx_word' id='word_1_119' title='bbox 659 1814 869 1900; x_wconf 82' lang='lat' dir='ltr'>Apostolicom</span> <span class='ocrx_word' id='word_1_120' title='bbox 885 1816 972 1881; x_wconf 71' lang='lat' dir='ltr'>Hirr.</span> <span class='ocrx_word' id='word_1_121' title='bbox 987 1817 1043 1880; x_wconf 91' lang='lat' dir='ltr'>lib.</span> <span class='ocrx_word' id='word_1_122' title='bbox 1056 1819 1095 1881; x_wconf 94' lang='lat' dir='ltr'>vi.</span> 
     </span>
     <span class='ocr_line' id='line_1_18' title="bbox 59 1900 1094 1989; baseline 0.003 -25"><span class='ocrx_word' id='word_1_123' title='bbox 59 1903 94 1984; x_wconf 75' lang='lat'>§.</span> <span class='ocrx_word' id='word_1_124' title='bbox 106 1915 137 1964; x_wconf 82' lang='lat'>5.</span> <span class='ocrx_word' id='word_1_125' title='bbox 152 1900 185 1965; x_wconf 92' lang='lat' dir='ltr'>in</span> <span class='ocrx_word' id='word_1_126' title='bbox 202 1901 277 1966; x_wconf 82' lang='lat' dir='ltr'>Cod.</span> <span class='ocrx_word' id='word_1_127' title='bbox 291 1900 470 1989; x_wconf 79' lang='lat' dir='ltr'>Apocryplv.</span> <span class='ocrx_word' id='word_1_128' title='bbox 487 1901 565 1965; x_wconf 78' lang='lat' dir='ltr'>Nou</span> <span class='ocrx_word' id='word_1_129' title='bbox 581 1902 663 1965; x_wconf 83' lang='lat' dir='ltr'>Test.</span> <span class='ocrx_word' id='word_1_130' title='bbox 682 1915 763 1965; x_wconf 89' lang='lat' dir='ltr'>tom.</span> <span class='ocrx_word' id='word_1_131' title='bbox 776 1901 810 1964; x_wconf 92' lang='lat' dir='ltr'>ii.</span> <span class='ocrx_word' id='word_1_132' title='bbox 833 1922 864 1986; x_wconf 90' lang='lat' dir='ltr'>p.</span> <span class='ocrx_word' id='word_1_133' title='bbox 877 1916 946 1980; x_wconf 80' lang='lat'>599.</span> <span class='ocrx_word' id='word_1_134' title='bbox 962 1902 1094 1981; x_wconf 90' lang='lat' dir='ltr'>editam,</span> 
     </span>
     <span class='ocr_line' id='line_1_19' title="bbox 57 1984 1096 2053; baseline 0.002 -2"><span class='ocrx_word' id='word_1_135' title='bbox 57 1984 120 2051; x_wconf 89' lang='lat' dir='ltr'>ubi</span> <span class='ocrx_word' id='word_1_136' title='bbox 133 1984 257 2051; x_wconf 86' lang='lat' dir='ltr'>Abdias</span> <span class='ocrx_word' id='word_1_137' title='bbox 275 1985 330 2051; x_wconf 93' lang='lat' dir='ltr'>ille</span> <span class='ocrx_word' id='word_1_138' title='bbox 351 1986 434 2052; x_wconf 92' lang='lat' dir='ltr'>hanc</span> <span class='ocrx_word' id='word_1_139' title='bbox 451 1986 492 2051; x_wconf 91' lang='lat' dir='ltr'>de</span> <span class='ocrx_word' id='word_1_140' title='bbox 507 1986 632 2051; x_wconf 90' lang='lat' dir='ltr'>Jacobo</span> <span class='ocrx_word' id='word_1_141' title='bbox 648 1986 861 2051; x_wconf 86' lang='lat' dir='ltr'>narrationem</span> <span class='ocrx_word' id='word_1_142' title='bbox 876 2009 915 2051; x_wconf 84' lang='lat' dir='ltr'>ex</span> <span class='ocrx_word' id='word_1_143' title='bbox 930 1987 1096 2053; x_wconf 84' lang='lat' dir='ltr'>Rufiniana</span> 
     </span>
     <span class='ocr_line' id='line_1_20' title="bbox 54 2071 1095 2159; baseline 0.005 -25"><span class='ocrx_word' id='word_1_144' title='bbox 54 2071 328 2157; x_wconf 74' lang='lat' dir='ltr'>interpretatione</span> <span class='ocrx_word' id='word_1_145' title='bbox 342 2072 432 2136; x_wconf 91' lang='lat' dir='ltr'>Hist.</span> <span class='ocrx_word' id='word_1_146' title='bbox 448 2071 579 2136; x_wconf 87' lang='lat' dir='ltr'>Eusebii</span> <span class='ocrx_word' id='word_1_147' title='bbox 593 2071 781 2157; x_wconf 90' lang='lat' dir='ltr'>desumpsit.</span> <span class='ocrx_word' id='word_1_148' title='bbox 826 2073 926 2159; x_wconf 73' lang='lat' dir='ltr'>Quod</span> <span class='ocrx_word' id='word_1_149' title='bbox 941 2072 982 2137; x_wconf 90' lang='lat' dir='ltr'>ad</span> <span class='ocrx_word' id='word_1_150' title='bbox 996 2073 1095 2139; x_wconf 87' lang='lat' dir='ltr'>absti-</span> 
     </span>
     <span class='ocr_line' id='line_1_21' title="bbox 57 2156 1095 2245; baseline 0.003 -24"><span class='ocrx_word' id='word_1_151' title='bbox 57 2157 205 2222; x_wconf 83' lang='lat' dir='ltr'>nentiam</span> <span class='ocrx_word' id='word_1_152' title='bbox 225 2156 295 2245; x_wconf 87' lang='lat' dir='ltr'>ejus</span> <span class='ocrx_word' id='word_1_153' title='bbox 318 2157 359 2222; x_wconf 89' lang='lat' dir='ltr'>ab</span> <span class='ocrx_word' id='word_1_154' title='bbox 381 2180 441 2223; x_wconf 91' lang='lat' dir='ltr'>usu</span> <span class='ocrx_word' id='word_1_155' title='bbox 462 2157 603 2222; x_wconf 92' lang='lat' dir='ltr'>carnium</span> <span class='ocrx_word' id='word_1_156' title='bbox 626 2157 752 2235; x_wconf 89' lang='lat' dir='ltr'>attinet,</span> <span class='ocrx_word' id='word_1_157' title='bbox 767 2171 880 2222; x_wconf 87' lang='lat' dir='ltr'>contra</span> <span class='ocrx_word' id='word_1_158' title='bbox 896 2159 1095 2245; x_wconf 89' lang='lat' dir='ltr'>Scaligerum</span> 
     </span>
     <span class='ocr_line' id='line_1_22' title="bbox 56 2238 1095 2344; baseline 0.002 -37"><span class='ocrx_word' id='word_1_159' title='bbox 56 2240 258 2328; x_wconf 82' lang='lat' dir='ltr'>Proefotionc</span> <span class='ocrx_word' id='word_1_160' title='bbox 274 2243 307 2307; x_wconf 85' lang='lat' dir='ltr'>in</span> <span class='ocrx_word' id='word_1_161' title='bbox 331 2240 514 2307; x_wconf 79' lang='lat' dir='ltr'>Clvrcrrimm</span> <span class='ocrx_word' id='word_1_162' title='bbox 528 2238 738 2307; x_wconf 79' lang='lat' dir='ltr'>Eusebionum</span> <span class='ocrx_word' id='word_1_163' title='bbox 759 2243 799 2306; x_wconf 94' lang='lat' dir='ltr'>de</span> <span class='ocrx_word' id='word_1_164' title='bbox 821 2243 1002 2344; x_wconf 89' lang='lat' dir='ltr'>Hegesippi</span> <span class='ocrx_word' id='word_1_165' title='bbox 1021 2245 1095 2309; x_wconf 90' lang='lat' dir='ltr'>loco</span> 
     </span>
     <span class='ocr_line' id='line_1_23' title="bbox 58 2327 1097 2415; baseline 0.002 -24"><span class='ocrx_word' id='word_1_166' title='bbox 58 2339 213 2413; x_wconf 85' lang='lat' dir='ltr'>agentem</span> <span class='ocrx_word' id='word_1_167' title='bbox 237 2327 301 2393; x_wconf 91' lang='lat' dir='ltr'>hoc</span> <span class='ocrx_word' id='word_1_168' title='bbox 328 2329 493 2415; x_wconf 84' lang='lat' dir='ltr'>respondit</span> <span class='ocrx_word' id='word_1_169' title='bbox 519 2327 711 2406; x_wconf 86' lang='lat' dir='ltr'>Halloixius,</span> <span class='ocrx_word' id='word_1_170' title='bbox 735 2327 830 2390; x_wconf 87' lang='lat' dir='ltr'>verba</span> <span class='ocrx_word' id='word_1_171' title='bbox 854 2329 1034 2415; x_wconf 90' lang='lat' dir='ltr'>Hegesrppi</span> <span class='ocrx_word' id='word_1_172' title='bbox 1056 2329 1097 2393; x_wconf 85' lang='lat' dir='ltr'>de</span> 
     </span>
     <span class='ocr_line' id='line_1_24' title="bbox 57 2412 1095 2502; baseline 0.002 -25"><span class='ocrx_word' id='word_1_173' title='bbox 57 2412 184 2498; x_wconf 88' lang='lat' dir='ltr'>privata</span> <span class='ocrx_word' id='word_1_174' title='bbox 198 2413 261 2478; x_wconf 93' lang='lat' dir='ltr'>vita</span> <span class='ocrx_word' id='word_1_175' title='bbox 273 2428 308 2479; x_wconf 91' lang='lat' dir='ltr'>et</span> <span class='ocrx_word' id='word_1_176' title='bbox 321 2414 508 2502; x_wconf 89' lang='lat' dir='ltr'>quotidiano</span> <span class='ocrx_word' id='word_1_177' title='bbox 523 2413 610 2477; x_wconf 91' lang='lat' dir='ltr'>victu</span> <span class='ocrx_word' id='word_1_178' title='bbox 626 2412 835 2498; x_wconf 89' lang='lat' dir='ltr'>intelligenda</span> <span class='ocrx_word' id='word_1_179' title='bbox 848 2433 927 2491; x_wconf 89' lang='lat' dir='ltr'>esse,</span> <span class='ocrx_word' id='word_1_180' title='bbox 942 2435 1007 2477; x_wconf 91' lang='lat' dir='ltr'>non</span> <span class='ocrx_word' id='word_1_181' title='bbox 1023 2436 1095 2479; x_wconf 89' lang='lat' dir='ltr'>vero</span> 
     </span>
     <span class='ocr_line' id='line_1_25' title="bbox 59 2496 1196 2590; baseline 0.001 -27"><span class='ocrx_word' id='word_1_182' title='bbox 59 2498 103 2563; x_wconf 86' lang='lat' dir='ltr'>de</span> <span class='ocrx_word' id='word_1_183' title='bbox 118 2498 169 2578; x_wconf 88' lang='lat' dir='ltr'>iis,</span> <span class='ocrx_word' id='word_1_184' title='bbox 184 2521 256 2585; x_wconf 84' lang='lat' dir='ltr'>quae</span> <span class='ocrx_word' id='word_1_185' title='bbox 271 2521 310 2564; x_wconf 87' lang='lat' dir='ltr'>ex</span> <span class='ocrx_word' id='word_1_186' title='bbox 346 2501 509 2585; x_wconf 88' lang='lat' dir='ltr'>raescripto</span> <span class='ocrx_word' id='word_1_187' title='bbox 524 2498 605 2584; x_wconf 91' lang='lat' dir='ltr'>legis</span> <span class='ocrx_word' id='word_1_188' title='bbox 619 2496 813 2563; x_wconf 87' lang='lat' dir='ltr'>observanda</span> <span class='ocrx_word' id='word_1_189' title='bbox 827 2511 928 2563; x_wconf 89' lang='lat' dir='ltr'>erant.</span> <span class='ocrx_word' id='word_1_190' title='bbox 953 2498 1097 2585; x_wconf 82' lang='lat' dir='ltr'>Scaliger</span> <span class='ocrx_word' id='word_1_191' title='bbox 1194 2587 1196 2590; x_wconf 10' lang='grc' dir='ltr'><strong>Υ</strong></span> 
     </span>
     <span class='ocr_line' id='line_1_26' title="bbox 58 2522 1094 2684; baseline 0.001 -35"><span class='ocrx_word' id='word_1_192' title='bbox 58 2583 149 2649; x_wconf 88' lang='lat' dir='ltr'>enim</span> <span class='ocrx_word' id='word_1_193' title='bbox 164 2583 240 2670; x_wconf 88' lang='lat' dir='ltr'>agni</span> <span class='ocrx_word' id='word_1_194' title='bbox 254 2522 412 2684; x_wconf 76' lang='lat' dir='ltr'>pasclralis</span> <span class='ocrx_word' id='word_1_195' title='bbox 426 2607 500 2649; x_wconf 90' lang='lat' dir='ltr'>cum</span> <span class='ocrx_word' id='word_1_196' title='bbox 513 2583 644 2648; x_wconf 91' lang='lat' dir='ltr'>Christo</span> <span class='ocrx_word' id='word_1_197' title='bbox 657 2583 803 2647; x_wconf 92' lang='lat' dir='ltr'>Domino</span> <span class='ocrx_word' id='word_1_198' title='bbox 817 2605 908 2647; x_wconf 90' lang='lat' dir='ltr'>esum</span> <span class='ocrx_word' id='word_1_199' title='bbox 923 2584 1094 2673; x_wconf 87' lang='lat' dir='ltr'>objecerat.</span> 
     </span>
    </p>
   </div>
   <div class='ocr_carea' id='block_1_4' title="bbox 58 2668 1094 2756">
    <p class='ocr_par' dir='ltr' id='par_1_8' title="bbox 58 2668 1094 2756">
     <span class='ocr_line' id='line_1_27' title="bbox 58 2668 1094 2756; baseline -0.002 -21"><span class='ocrx_word' id='word_1_200' title='bbox 58 2668 138 2735; x_wconf 90' lang='lat' dir='ltr'>Vid.</span> <span class='ocrx_word' id='word_1_201' title='bbox 159 2669 302 2735; x_wconf 86' lang='lat' dir='ltr'>Hallorx.</span> <span class='ocrx_word' id='word_1_202' title='bbox 325 2669 366 2734; x_wconf 90' lang='lat' dir='ltr'>ad</span> <span class='ocrx_word' id='word_1_203' title='bbox 391 2691 423 2756; x_wconf 89' lang='lat' dir='ltr'>p.</span> <span class='ocrx_word' id='word_1_204' title='bbox 438 2682 509 2746; x_wconf 83' lang='lat'>721.</span> <span class='ocrx_word' id='word_1_205' title='bbox 533 2683 612 2735; x_wconf 89' lang='lat' dir='ltr'>tom.</span> <span class='ocrx_word' id='word_1_206' title='bbox 631 2669 664 2733; x_wconf 91' lang='lat' dir='ltr'>ii.</span> <span class='ocrx_word' id='word_1_207' title='bbox 689 2668 722 2732; x_wconf 91' lang='lat' dir='ltr'><em>V</em></span> <span class='ocrx_word' id='word_1_208' title='bbox 720 2668 771 2734; x_wconf 79' lang='lat' dir='ltr'>itt.</span> <span class='ocrx_word' id='word_1_209' title='bbox 792 2670 861 2732; x_wconf 90' lang='grc' dir='ltr'>ΡΡ.</span> <span class='ocrx_word' id='word_1_210' title='bbox 887 2668 1040 2735; x_wconf 62' lang='lat' dir='ltr'>Oricum</span> <span class='ocrx_word' id='word_1_211' title='bbox 1061 2671 1094 2734; x_wconf 93' lang='lat' dir='ltr'>in</span> 
     </span>
    </p>
   </div>
   <div class='ocr_carea' id='block_1_5' title="bbox 55 2752 1139 4357">
    <p class='ocr_par' dir='ltr' id='par_1_9' title="bbox 55 2752 1139 4357">
     <span class='ocr_line' id='line_1_28' title="bbox 59 2752 253 2839; baseline 0 -20"><span class='ocrx_word' id='word_1_212' title='bbox 59 2752 118 2819; x_wconf 77' lang='lat' dir='ltr'>He</span> <span class='ocrx_word' id='word_1_213' title='bbox 138 2769 253 2839; x_wconf 75' lang='lat' dir='ltr'>coppo.</span> 
     </span>
     <span class='ocr_line' id='line_1_29' title="bbox 106 2776 1094 2926; baseline 0.001 -22"><span class='ocrx_word' id='word_1_214' title='bbox 106 2776 190 2904; x_wconf 52' lang='lat' dir='ltr'>find.</span> <span class='ocrx_word' id='word_1_215' title='bbox 211 2839 233 2906; x_wconf 95' lang='lat' dir='ltr'>l.</span> <span class='ocrx_word' id='word_1_216' title='bbox 254 2855 300 2906; x_wconf 82' lang='lat'>15.</span> <span class='ocrx_word' id='word_1_217' title='bbox 320 2840 408 2926; x_wconf 75' lang='grc' dir='ltr'>τούτῳ</span> <span class='ocrx_word' id='word_1_218' title='bbox 429 2838 502 2926; x_wconf 75' lang='grc' dir='ltr'>μόνῳ</span> <span class='ocrx_word' id='word_1_219' title='bbox 529 2843 587 2916; x_wconf 77' lang='grc' dir='ltr'>ἐξῆν</span> <span class='ocrx_word' id='word_1_220' title='bbox 610 2843 646 2913; x_wconf 80' lang='grc' dir='ltr'>εἰς</span> <span class='ocrx_word' id='word_1_221' title='bbox 668 2842 706 2901; x_wconf 76' lang='grc' dir='ltr'>τοὶ</span> <span class='ocrx_word' id='word_1_222' title='bbox 727 2837 799 2924; x_wconf 75' lang='grc' dir='ltr'>ἅγια</span> <span class='ocrx_word' id='word_1_223' title='bbox 824 2837 944 2925; x_wconf 70' lang='lat' dir='ltr'>siurim]</span> <span class='ocrx_word' id='word_1_224' title='bbox 973 2841 1094 2905; x_wconf 88' lang='lat' dir='ltr'>Totum</span> 
     </span>
     <span class='ocr_line' id='line_1_30' title="bbox 57 2922 1139 3012; baseline -0.001 -23"><span class='ocrx_word' id='word_1_225' title='bbox 57 2922 149 2990; x_wconf 89' lang='lat' dir='ltr'>hunc</span> <span class='ocrx_word' id='word_1_226' title='bbox 168 2926 348 3012; x_wconf 90' lang='lat' dir='ltr'>Hegesippi</span> <span class='ocrx_word' id='word_1_227' title='bbox 366 2926 477 2989; x_wconf 90' lang='lat' dir='ltr'>locum</span> <span class='ocrx_word' id='word_1_228' title='bbox 495 2923 688 3012; x_wconf 87' lang='lat' dir='ltr'>jampridem</span> <span class='ocrx_word' id='word_1_229' title='bbox 702 2924 889 2989; x_wconf 84' lang='lat' dir='ltr'>examinavit</span> <span class='ocrx_word' id='word_1_230' title='bbox 904 2925 1048 3011; x_wconf 85' lang='lat' dir='ltr'>Scaliger</span> <span class='ocrx_word' id='word_1_231' title='bbox 1062 2925 1093 2988; x_wconf 91' lang='lat' dir='ltr'>in</span> <span class='ocrx_word' id='word_1_232' title='bbox 1136 2962 1139 2966; x_wconf 94' lang='lat'><em>-</em></span> 
     </span>
     <span class='ocr_line' id='line_1_31' title="bbox 57 3009 1094 3097; baseline 0.001 -22"><span class='ocrx_word' id='word_1_233' title='bbox 57 3009 400 3076; x_wconf 87' lang='lat' dir='ltr'>Animadversionibus</span> <span class='ocrx_word' id='word_1_234' title='bbox 422 3011 607 3074; x_wconf 86' lang='lat' dir='ltr'>Eusebianis</span> <span class='ocrx_word' id='word_1_235' title='bbox 628 3030 703 3097; x_wconf 84' lang='lat' dir='ltr'>pag.</span> <span class='ocrx_word' id='word_1_236' title='bbox 721 3021 788 3086; x_wconf 87' lang='lat'>178.</span> <span class='ocrx_word' id='word_1_237' title='bbox 811 3010 914 3075; x_wconf 85' lang='lat' dir='ltr'>multa</span> <span class='ocrx_word' id='word_1_238' title='bbox 937 3033 978 3075; x_wconf 91' lang='lat' dir='ltr'>ue</span> <span class='ocrx_word' id='word_1_239' title='bbox 999 3013 1032 3074; x_wconf 93' lang='lat' dir='ltr'>in</span> <span class='ocrx_word' id='word_1_240' title='bbox 1054 3033 1094 3076; x_wconf 90' lang='lat' dir='ltr'>eo</span> 
     </span>
     <span class='ocr_line' id='line_1_32' title="bbox 57 3033 1094 3183; baseline -0.002 -22"><span class='ocrx_word' id='word_1_241' title='bbox 57 3095 274 3183; x_wconf 88' lang='lat' dir='ltr'>reprehendit,</span> <span class='ocrx_word' id='word_1_242' title='bbox 290 3120 362 3182; x_wconf 88' lang='lat' dir='ltr'>quae</span> <span class='ocrx_word' id='word_1_243' title='bbox 377 3117 482 3181; x_wconf 90' lang='lat' dir='ltr'>operae</span> <span class='ocrx_word' id='word_1_244' title='bbox 496 3096 634 3180; x_wconf 89' lang='lat' dir='ltr'>pretium</span> <span class='ocrx_word' id='word_1_245' title='bbox 650 3094 710 3159; x_wconf 89' lang='lat' dir='ltr'>erit</span> <span class='ocrx_word' id='word_1_246' title='bbox 723 3094 841 3180; x_wconf 90' lang='lat' dir='ltr'>legere.</span> <span class='ocrx_word' id='word_1_247' title='bbox 885 3033 982 3159; x_wconf 67' lang='lat' dir='ltr'>Adde</span> <span class='ocrx_word' id='word_1_248' title='bbox 996 3096 1094 3160; x_wconf 88' lang='lat' dir='ltr'>etiam</span> 
     </span>
     <span class='ocr_line' id='line_1_33' title="bbox 57 3180 1092 3281; baseline -0.001 -34"><span class='ocrx_word' id='word_1_249' title='bbox 57 3203 136 3281; x_wconf 73' lang='lat' dir='ltr'>quae</span> <span class='ocrx_word' id='word_1_250' title='bbox 151 3181 299 3247; x_wconf 88' lang='lat' dir='ltr'>adversus</span> <span class='ocrx_word' id='word_1_251' title='bbox 314 3181 468 3268; x_wconf 86' lang='lat' dir='ltr'>Scaligeri</span> <span class='ocrx_word' id='word_1_252' title='bbox 483 3202 648 3245; x_wconf 86' lang='lat' dir='ltr'>censuram</span> <span class='ocrx_word' id='word_1_253' title='bbox 666 3180 791 3266; x_wconf 89' lang='lat' dir='ltr'>scripsit</span> <span class='ocrx_word' id='word_1_254' title='bbox 805 3180 982 3267; x_wconf 87' lang='lat' dir='ltr'>Dionysius</span> <span class='ocrx_word' id='word_1_255' title='bbox 1000 3181 1092 3247; x_wconf 91' lang='lat' dir='ltr'>Peta-</span> 
     </span>
     <span class='ocr_line' id='line_1_34' title="bbox 57 3264 1093 3351; baseline -0.001 -20"><span class='ocrx_word' id='word_1_256' title='bbox 57 3288 131 3331; x_wconf 89' lang='lat' dir='ltr'>vrus</span> <span class='ocrx_word' id='word_1_257' title='bbox 151 3266 184 3331; x_wconf 91' lang='lat' dir='ltr'>in</span> <span class='ocrx_word' id='word_1_258' title='bbox 201 3267 298 3331; x_wconf 92' lang='lat' dir='ltr'>Notis</span> <span class='ocrx_word' id='word_1_259' title='bbox 316 3266 357 3331; x_wconf 89' lang='lat' dir='ltr'>ad</span> <span class='ocrx_word' id='word_1_260' title='bbox 375 3267 534 3330; x_wconf 88' lang='lat' dir='ltr'>Haeresim</span> <span class='ocrx_word' id='word_1_261' title='bbox 548 3277 598 3341; x_wconf 78' lang='lat'>78.</span> <span class='ocrx_word' id='word_1_262' title='bbox 615 3264 797 3351; x_wconf 87' lang='lat' dir='ltr'>Epiphanii,</span> <span class='ocrx_word' id='word_1_263' title='bbox 812 3279 845 3329; x_wconf 92' lang='lat' dir='ltr'>et</span> <span class='ocrx_word' id='word_1_264' title='bbox 860 3266 895 3329; x_wconf 89' lang='lat' dir='ltr'>P.</span> <span class='ocrx_word' id='word_1_265' title='bbox 910 3264 1093 3332; x_wconf 88' lang='lat' dir='ltr'>Halloixius</span> 
     </span>
     <span class='ocr_line' id='line_1_35' title="bbox 56 3350 1092 3436; baseline -0.003 -17"><span class='ocrx_word' id='word_1_266' title='bbox 56 3351 95 3419; x_wconf 90' lang='lat' dir='ltr'>in</span> <span class='ocrx_word' id='word_1_267' title='bbox 112 3351 344 3417; x_wconf 88' lang='lat' dir='ltr'>Notationibus</span> <span class='ocrx_word' id='word_1_268' title='bbox 366 3351 407 3416; x_wconf 90' lang='lat' dir='ltr'>ad</span> <span class='ocrx_word' id='word_1_269' title='bbox 427 3350 524 3417; x_wconf 90' lang='lat' dir='ltr'>vitam</span> <span class='ocrx_word' id='word_1_270' title='bbox 545 3350 726 3436; x_wconf 90' lang='lat' dir='ltr'>Hegesippi</span> <span class='ocrx_word' id='word_1_271' title='bbox 739 3372 809 3436; x_wconf 91' lang='lat' dir='ltr'>cap.</span> <span class='ocrx_word' id='word_1_272' title='bbox 825 3364 856 3413; x_wconf 85' lang='grc'>3.</span> <span class='ocrx_word' id='word_1_273' title='bbox 887 3350 1092 3416; x_wconf 74' lang='lat' dir='ltr'>Varasrus.</span> 
     </span>
     <span class='ocr_line' id='line_1_36' title="bbox 57 3435 1092 3548; baseline 0 -46"><span class='ocrx_word' id='word_1_274' title='bbox 57 3435 103 3502; x_wconf 89' lang='lat' dir='ltr'>Id</span> <span class='ocrx_word' id='word_1_275' title='bbox 113 3436 257 3536; x_wconf 75' lang='lat' dir='ltr'>palmare</span> <span class='ocrx_word' id='word_1_276' title='bbox 270 3437 424 3535; x_wconf 87' lang='lat' dir='ltr'>Scaligeri</span> <span class='ocrx_word' id='word_1_277' title='bbox 435 3449 671 3522; x_wconf 89' lang='lat' dir='ltr'>argumentum.</span> <span class='ocrx_word' id='word_1_278' title='bbox 693 3435 740 3499; x_wconf 91' lang='lat' dir='ltr'>At</span> <span class='ocrx_word' id='word_1_279' title='bbox 753 3436 785 3498; x_wconf 93' lang='lat' dir='ltr'>in</span> <span class='ocrx_word' id='word_1_280' title='bbox 801 3436 978 3548; x_wconf 80' lang='lat' dir='ltr'>Hegesippi</span> <span class='ocrx_word' id='word_1_281' title='bbox 991 3449 1092 3520; x_wconf 88' lang='lat' dir='ltr'>textu,</span> 
     </span>
     <span class='ocr_line' id='line_1_37' title="bbox 55 3520 1091 3609; baseline 0.002 -22"><span class='ocrx_word' id='word_1_282' title='bbox 55 3534 100 3587; x_wconf 88' lang='lat' dir='ltr'>ut</span> <span class='ocrx_word' id='word_1_283' title='bbox 112 3543 181 3609; x_wconf 81' lang='lat' dir='ltr'>ipse</span> <span class='ocrx_word' id='word_1_284' title='bbox 195 3523 322 3601; x_wconf 89' lang='lat' dir='ltr'>fatetur,</span> <span class='ocrx_word' id='word_1_285' title='bbox 337 3522 416 3586; x_wconf 90' lang='lat' dir='ltr'>nrhil</span> <span class='ocrx_word' id='word_1_286' title='bbox 430 3521 516 3586; x_wconf 87' lang='lat' dir='ltr'>aliud</span> <span class='ocrx_word' id='word_1_287' title='bbox 534 3537 584 3584; x_wconf 92' lang='lat' dir='ltr'>est</span> <span class='ocrx_word' id='word_1_288' title='bbox 602 3541 698 3607; x_wconf 84' lang='lat' dir='ltr'>quam</span> <span class='ocrx_word' id='word_1_289' title='bbox 716 3520 749 3583; x_wconf 93' lang='lat' dir='ltr'>in</span> <span class='ocrx_word' id='word_1_290' title='bbox 771 3520 896 3600; x_wconf 82' lang='lat' dir='ltr'>Sancto,</span> <span class='ocrx_word' id='word_1_291' title='bbox 910 3547 992 3609; x_wconf 71' lang='lat' dir='ltr'>cyra,</span> <span class='ocrx_word' id='word_1_292' title='bbox 1009 3542 1091 3609; x_wconf 90' lang='lat' dir='ltr'>quo·</span> 
     </span>
     <span class='ocr_line' id='line_1_38' title="bbox 55 3605 1091 3754; baseline 0.001 -81"><span class='ocrx_word' id='word_1_293' title='bbox 55 3605 141 3673; x_wconf 89' lang='lat' dir='ltr'>tidie</span> <span class='ocrx_word' id='word_1_294' title='bbox 153 3609 312 3674; x_wconf 83' lang='lat' dir='ltr'>Jacobum</span> <span class='ocrx_word' id='word_1_295' title='bbox 332 3608 429 3671; x_wconf 82' lang='lat' dir='ltr'>fuisse</span> <span class='ocrx_word' id='word_1_296' title='bbox 447 3607 638 3693; x_wconf 84' lang='lat' dir='ltr'>ingressum,</span> <span class='ocrx_word' id='word_1_297' title='bbox 654 3605 742 3692; x_wconf 91' lang='lat' dir='ltr'>quod</span> <span class='ocrx_word' id='word_1_298' title='bbox 761 3605 891 3754; x_wconf 69' lang='lat' dir='ltr'>qluidem</span> <span class='ocrx_word' id='word_1_299' title='bbox 913 3607 952 3671; x_wconf 94' lang='lat' dir='ltr'>de</span> <span class='ocrx_word' id='word_1_300' title='bbox 973 3609 1091 3675; x_wconf 89' lang='lat' dir='ltr'>Sancto</span> 
     </span>
     <span class='ocr_line' id='line_1_39' title="bbox 56 3691 1091 3779; baseline 0.003 -20"><span class='ocrx_word' id='word_1_301' title='bbox 56 3693 266 3772; x_wconf 86' lang='lat' dir='ltr'>Sanctorum,</span> <span class='ocrx_word' id='word_1_302' title='bbox 279 3693 314 3759; x_wconf 92' lang='lat' dir='ltr'>iu</span> <span class='ocrx_word' id='word_1_303' title='bbox 328 3692 416 3779; x_wconf 92' lang='lat' dir='ltr'>quod</span> <span class='ocrx_word' id='word_1_304' title='bbox 430 3691 516 3757; x_wconf 89' lang='lat' dir='ltr'>solus</span> <span class='ocrx_word' id='word_1_305' title='bbox 532 3691 676 3755; x_wconf 85' lang='lat' dir='ltr'>Pontifex</span> <span class='ocrx_word' id='word_1_306' title='bbox 690 3712 776 3754; x_wconf 91' lang='lat' dir='ltr'>seme</span> <span class='ocrx_word' id='word_1_307' title='bbox 802 3705 927 3758; x_wconf 89' lang='lat' dir='ltr'>tantum</span> <span class='ocrx_word' id='word_1_308' title='bbox 951 3693 984 3757; x_wconf 95' lang='lat' dir='ltr'>in</span> <span class='ocrx_word' id='word_1_309' title='bbox 1007 3715 1091 3762; x_wconf 88' lang='lat' dir='ltr'>anno</span> 
     </span>
     <span class='ocr_line' id='line_1_40' title="bbox 107 3776 1093 3865; baseline 0.001 -22"><span class='ocrx_word' id='word_1_310' title='bbox 107 3789 187 3843; x_wconf 84' lang='lat' dir='ltr'>terat</span> <span class='ocrx_word' id='word_1_311' title='bbox 207 3778 341 3865; x_wconf 80' lang='lat' dir='ltr'>ingredi,</span> <span class='ocrx_word' id='word_1_312' title='bbox 355 3777 493 3863; x_wconf 86' lang='lat' dir='ltr'>intelligi</span> <span class='ocrx_word' id='word_1_313' title='bbox 512 3799 577 3840; x_wconf 93' lang='lat' dir='ltr'>non</span> <span class='ocrx_word' id='word_1_314' title='bbox 596 3777 703 3855; x_wconf 88' lang='lat' dir='ltr'>debet,</span> <span class='ocrx_word' id='word_1_315' title='bbox 719 3776 776 3840; x_wconf 90' lang='lat' dir='ltr'>sed</span> <span class='ocrx_word' id='word_1_316' title='bbox 791 3777 831 3841; x_wconf 92' lang='lat' dir='ltr'>de</span> <span class='ocrx_word' id='word_1_317' title='bbox 845 3780 1026 3844; x_wconf 87' lang='lat' dir='ltr'>sanctuario</span> <span class='ocrx_word' id='word_1_318' title='bbox 1040 3803 1093 3844; x_wconf 85' lang='lat' dir='ltr'>so·</span> 
     </span>
     <span class='ocr_line' id='line_1_41' title="bbox 70 3862 1091 3951; baseline 0 -22"><span class='ocrx_word' id='word_1_319' title='bbox 70 3883 142 3942; x_wconf 88' lang='lat' dir='ltr'>um,</span> <span class='ocrx_word' id='word_1_320' title='bbox 164 3862 222 3928; x_wconf 94' lang='lat' dir='ltr'>ubi</span> <span class='ocrx_word' id='word_1_321' title='bbox 242 3863 384 3951; x_wconf 89' lang='lat' dir='ltr'>quotidie</span> <span class='ocrx_word' id='word_1_322' title='bbox 407 3863 593 3927; x_wconf 89' lang='lat' dir='ltr'>Sacerdotes</span> <span class='ocrx_word' id='word_1_323' title='bbox 618 3862 707 3926; x_wconf 91' lang='lat' dir='ltr'>lineis</span> <span class='ocrx_word' id='word_1_324' title='bbox 731 3862 835 3927; x_wconf 93' lang='lat' dir='ltr'>induti</span> <span class='ocrx_word' id='word_1_325' title='bbox 860 3863 1091 3946; x_wconf 83' lang='lat' dir='ltr'>ministrabant,</span> 
     </span>
     <span class='ocr_line' id='line_1_42' title="bbox 56 3946 1089 4099; baseline -0.001 -84"><span class='ocrx_word' id='word_1_326' title='bbox 56 3968 160 4097; x_wconf 55' lang='lat' dir='ltr'>prtem</span> <span class='ocrx_word' id='word_1_327' title='bbox 178 3949 287 4015; x_wconf 90' lang='lat' dir='ltr'>locum</span> <span class='ocrx_word' id='word_1_328' title='bbox 300 3949 432 4034; x_wconf 88' lang='lat' dir='ltr'>Joseph.</span> <span class='ocrx_word' id='word_1_329' title='bbox 453 3948 509 4012; x_wconf 93' lang='lat' dir='ltr'>lib.</span> <span class='ocrx_word' id='word_1_330' title='bbox 524 3946 568 4011; x_wconf 90' lang='lat' dir='ltr'>iii.</span> <span class='ocrx_word' id='word_1_331' title='bbox 583 3947 681 4034; x_wconf 88' lang='lat' dir='ltr'>antiq.</span> <span class='ocrx_word' id='word_1_332' title='bbox 695 3969 766 4033; x_wconf 90' lang='lat' dir='ltr'>cap.</span> <span class='ocrx_word' id='word_1_333' title='bbox 785 3963 815 4011; x_wconf 86' lang='lat'>5.</span> <span class='ocrx_word' id='word_1_334' title='bbox 837 3949 977 4099; x_wconf 74' lang='lat' dir='ltr'>appellat</span> <span class='ocrx_word' id='word_1_335' title='bbox 1000 3949 1089 4035; x_wconf 76' lang='grc' dir='ltr'><strong>ἅγιον.</strong></span> 
     </span>
     <span class='ocr_line' id='line_1_43' title="bbox 84 4032 1088 4120; baseline 0.001 -23"><span class='ocrx_word' id='word_1_336' title='bbox 84 4032 204 4099; x_wconf 89' lang='lat' dir='ltr'>iudone</span> <span class='ocrx_word' id='word_1_337' title='bbox 218 4050 325 4101; x_wconf 91' lang='lat' dir='ltr'>autem</span> <span class='ocrx_word' id='word_1_338' title='bbox 339 4033 490 4099; x_wconf 91' lang='lat' dir='ltr'>indutum</span> <span class='ocrx_word' id='word_1_339' title='bbox 501 4033 662 4111; x_wconf 83' lang='lat' dir='ltr'>Jacobum</span> <span class='ocrx_word' id='word_1_340' title='bbox 676 4033 782 4113; x_wconf 81' lang='lat' dir='ltr'>fuisse,</span> <span class='ocrx_word' id='word_1_341' title='bbox 797 4033 852 4120; x_wconf 94' lang='lat' dir='ltr'>qui</span> <span class='ocrx_word' id='word_1_342' title='bbox 889 4035 1006 4100; x_wconf 91' lang='lat' dir='ltr'>mirum</span> <span class='ocrx_word' id='word_1_343' title='bbox 1021 4038 1088 4099; x_wconf 87' lang='lat' dir='ltr'>est?</span> 
     </span>
     <span class='ocr_line' id='line_1_44' title="bbox 55 4117 1089 4204; baseline -0.001 -19"><span class='ocrx_word' id='word_1_344' title='bbox 55 4138 137 4185; x_wconf 83' lang='lat' dir='ltr'>cum</span> <span class='ocrx_word' id='word_1_345' title='bbox 163 4117 251 4185; x_wconf 91' lang='lat' dir='ltr'>idem</span> <span class='ocrx_word' id='word_1_346' title='bbox 276 4120 317 4184; x_wconf 94' lang='lat' dir='ltr'>de</span> <span class='ocrx_word' id='word_1_347' title='bbox 340 4119 554 4197; x_wconf 88' lang='lat' dir='ltr'>adolescente,</span> <span class='ocrx_word' id='word_1_348' title='bbox 579 4119 635 4204; x_wconf 92' lang='lat' dir='ltr'>qui</span> <span class='ocrx_word' id='word_1_349' title='bbox 658 4132 754 4204; x_wconf 88' lang='lat' dir='ltr'>capto</span> <span class='ocrx_word' id='word_1_350' title='bbox 776 4141 794 4182; x_wconf 93' lang='lat' dir='ltr'>a</span> <span class='ocrx_word' id='word_1_351' title='bbox 814 4119 936 4184; x_wconf 88' lang='lat' dir='ltr'>Judaeis</span> <span class='ocrx_word' id='word_1_352' title='bbox 959 4119 1089 4184; x_wconf 89' lang='lat' dir='ltr'>Christo</span> 
     </span>
     <span class='ocr_line' id='line_1_45' title="bbox 56 4202 1090 4294; baseline 0 -23"><span class='ocrx_word' id='word_1_353' title='bbox 56 4202 219 4287; x_wconf 85' lang='lat' dir='ltr'>Domino,</span> <span class='ocrx_word' id='word_1_354' title='bbox 235 4203 342 4273; x_wconf 87' lang='lat' dir='ltr'>nudus</span> <span class='ocrx_word' id='word_1_355' title='bbox 355 4205 493 4294; x_wconf 86' lang='lat' dir='ltr'>aufugit,</span> <span class='ocrx_word' id='word_1_356' title='bbox 505 4204 539 4268; x_wconf 94' lang='lat' dir='ltr'>in</span> <span class='ocrx_word' id='word_1_357' title='bbox 552 4204 727 4292; x_wconf 86' lang='lat' dir='ltr'>Evangelio</span> <span class='ocrx_word' id='word_1_358' title='bbox 741 4219 908 4270; x_wconf 86' lang='lat' dir='ltr'>asseratur.</span> <span class='ocrx_word' id='word_1_359' title='bbox 947 4205 1014 4270; x_wconf 92' lang='lat' dir='ltr'>Uni</span> <span class='ocrx_word' id='word_1_360' title='bbox 1032 4225 1090 4271; x_wconf 87' lang='lat' dir='ltr'>au-</span> 
     </span>
     <span class='ocr_line' id='line_1_46' title="bbox 556 4303 604 4357; baseline -0.104 0"><span class='ocrx_word' id='word_1_361' title='bbox 556 4303 604 4357; x_wconf 75' lang='lat'>1²3</span> 
     </span>
    </p>
   </div>
   <div class='ocr_carea' id='block_1_6' title="bbox 0 0 1362 4748">
    <p class='ocr_par' dir='ltr' id='par_1_10' title="bbox 0 0 1362 4748">
     <span class='ocr_line' id='line_1_47' title="bbox 0 0 1362 4748; baseline 0 2"><span class='ocrx_word' id='word_1_362' title='bbox 0 0 1362 4748; x_wconf 95' lang='lat' dir='ltr'> </span> 
     </span>
    </p>
   </div>
  </div>
 </body>
</html>
