2716 4748
168 277 221 345 IN
240 275 375 344 EPIST.
392 276 615 342 VlENNEN.
636 275 694 340 ET
713 273 990 342 LUGDUNEN.
1032 296 1100 364 3¹9

59 440 284 532 Capitolinum
306 466 381 543 pag.
403 458 454 523 91.
477 457 511 509 et
533 443 766 522 Casaubonus3
791 457 866 530 post
891 443 1038 530 Lipsium
1064 444 1098 508 in

58 530 296 608 Saturnalibus,
310 553 366 615 qur
383 529 491 593 locum
507 528 698 677 &mutilium
712 551 752 592 ex
766 528 999 593 declamatione
1014 548 1099 593 noua

57 635 102 680 eo
124 628 321 700 spectantem
343 613 466 712 primus
487 635 505 676 a
529 613 630 677 duxit.
675 613 713 677 Id
729 625 836 677 autem
853 613 949 678 fiebat
964 636 1029 678 non
1042 634 1097 677 so·

58 699 177 763 lumin
192 698 231 762 iis
246 698 301 784 qui
315 719 438 783 seipsos
460 696 502 760 ad
522 697 636 761 ludum
652 711 903 776 auctoraverant,
917 698 974 762 sed
988 698 1022 762 in
1037 697 1099 763 reis

58 782 118 869 qui
131 782 174 847 ad
187 782 308 846 fenum
322 793 379 846 aut
394 781 512 845 bestias
526 780 668 847 damnati
682 796 783 845 erant.
806 782 977 847 Martialis.

149 864 307 930 Traducta
320 877 365 929 est
378 865 478 952 gyris,
492 887 547 929 nec
561 887 576 928 c
615 865 641 928 it
656 887 751 928 oraro
765 877 915 930 nocentes.

58 948 269 1017 VALBsws.
294 949 469 1033 christoph.
479 951 581 1013 Lecti.
615 950 1099 1036 abentrspraxdirlos.S'l'lto't'fl.
1138 1020 1141 1025 .

105 1035 140 1098 P.
151 1047 221 1099 284.
237 1034 260 1097 l.
272 1049 302 1097 3.
325 1033 366 1097 ὅτι
386 1037 520 1115 Ῥωμαῖος
538 1035 606 1118 iris]
625 1035 785 1098 Additum
801 1036 898 1099 estin
915 1037 987 1100 Cod.
1004 1034 1099 1135 Norf.

51 1114 191 1193 *Aristar
202 1124 216 1181 ὁ
227 1118 385 1205 Χριςιανὸς,
395 1119 483 1203 quod
494 1141 534 1182 ex
546 1119 807 1183 antecedentibus
818 1120 951 1184 fortasse
963 1121 1098 1206 irrepsit.

103 1202 189 1268 lbid.
205 1202 227 1265 l.
237 1215 268 1266 4.
291 1204 380 1288 sireis
394 1203 509 1286 λοιπῶν]
525 1204 630 1267 Abest
645 1205 666 1288 'b
683 1205 724 1266 ab
740 1204 787 1265 ed.
805 1203 912 1287 steph.
929 1206 1099 1273 STROTH·

103 1286 189 1351 lbid.
203 1287 226 1351 l.
238 1293 268 1350 6.
290 1288 338 1351 καὶ
352 1286 497 1372 περιέμενε
518 1293 565 1365 τὴν
590 1287 727 1370 ἀπόφασιν
748 1292 795 1366 τὴν
818 1292 864 1350 ἀπ’
888 1289 1000 1372 ἐκείνου]
1020 1282 1100 1352 Inde

58 1372 179 1458 collige
193 1370 276 1434 hanc
289 1373 545 1457 persecutionem
562 1371 629 1434 sine
644 1371 732 1436 novis
747 1372 790 1436 im
835 1385 976 1437 rasorum
988 1372 1101 1437 edictis

57 1469 185 1521 motam
203 1454 311 1534 fuisse,
325 1456 359 1519 in
381 1478 445 1542 qua
465 1469 573 1520 tamen
595 1457 793 1521 innumerab'
808 1478 843 1520 es
865 1469 1022 1544 martyres
1044 1478 1102 1542 per

57 1554 167 1607 totum
183 1553 339 1605 terrarum
354 1543 466 1604 orbern
489 1541 614 1605 occisos
635 1541 733 1605 fuisse
753 1555 911 1605 asseverat
930 1541 1101 1605 Eusebius.

57 1626 140 1691 Non
161 1625 270 1711 itaque
292 1638 377 1688 recte
401 1625 499 1689 infert
517 1623 709 1689 Dodwellus
727 1644 849 1711 paucos
864 1625 964 1689 fuisse
978 1638 1102 1712 marty·

57 1732 123 1789 res,
143 1731 184 1774 eo
206 1709 295 1796 quod
315 1709 410 1856 pauci
435 1710 572 1773 Romani
592 1709 802 1794 imperatores
824 1710 931 1774 edicta
952 1708 1102 1774 adversus

60 1792 266 1859 Christianos
280 1806 317 1857 tu
329 1794 421 1857 erint.
462 1795 585 1859 Verum
607 1793 647 1856 de
668 1793 718 1858 his
733 1794 836 1858 fusius
856 1794 888 1858 in
911 1793 1102 1861 Praefatione

103 1877 214 1977 nerali.
236 1879 429 1942 Rutunnr.
445 1877 486 1941 ad
498 1879 582 1953 Acta
596 1879 782 1965 Martyrum
798 1878 935 1943 Sincera.
980 1876 1103 1944 Confer

90 1964 193 2029 usebn
206 1961 301 2027 verba
313 1961 356 2024 ad
369 1983 445 2047 pag.
458 1975 527 2040 298.
543 1985 581 2025 su
605 1985 640 2026 ra
653 1963 804 2028 adducta.

104 2045 189 2111 lbid.
202 2046 227 2110 l.
241 2060 271 2110 8.
292 2045 324 2108 ri
338 2046 504 2131 apirpiwr]
520 2050 551 2110 τὸ
564 2072 682 2134 αμπρον
697 2048 800 2112 Lecti.
816 2045 945 2114 Gruteri
959 2059 993 2112 et
1007 2048 1103 2113 Mar·

52 2153 99 2221 go
115 2129 320 2216 Erernplorr's
336 2132 439 2193 Jooes.
462 2132 633 2196 Srnorn.

104 2215 191 2280 lbid.
205 2215 229 2279 l.
247 2230 294 2279 10.
318 2214 491 2302 &pigrum
509 2220 565 2291 τοῖς
582 2221 620 2298 μὴ
640 2215 777 2302 μάρτυσιν
792 2215 968 2301 ἐχαρίζοντο]
983 2215 1023 2281 Id
1042 2230 1102 2296 est,

56 2298 207 2365 dextram
222 2299 319 2386 lapsis
333 2313 553 2386 porrexerunt,
568 2315 602 2364 et
621 2301 814 2365 medicinam
829 2299 1055 2380 adhibuerunt,
1069 2316 1104 2366 et

55 2405 121 2472 pro
138 2384 178 2449 iis
199 2383 455 2448 intercesserunt.
502 2384 540 2448 ld
561 2384 647 2448 enim
666 2385 813 2449 solebant
827 2397 996 2470 martyres,
1011 2399 1049 2450 ut
1062 2407 1103 2451 ex

57 2466 230 2557 Cypriane
249 2468 432 2533 didicimus.
453 2471 662 2534 virnsms.
706 2470 840 2534 Rufinus
858 2468 989 2555 quidem
1011 2485 1102 2536 vetus

55 2552 218 2639 interpres
232 2552 278 2617 sic
292 2554 396 2632 vertit,
411 2563 441 2616 et
463 2553 525 2638 ipsi
546 2554 691 2618 nondum
712 2568 868 2641 martyres
884 2552 1101 2619 cohortationi·

57 2636 118 2703 bos
133 2637 198 2703 suis
212 2638 369 2724 plurimos
384 2637 727 2724 martyresfociehorrt.
772 2639 870 2703 Omni
886 2659 961 2703 vero
974 2638 1104 2726 conjec-

57 2736 137 2787 tura
161 2744 221 2804 me·
240 2723 421 2800 abstinens,
436 2724 468 2786 τὸ
490 2723 651 2810 ἐχαρίζοντο
679 2724 795 2789 Latine
824 2722 1003 2804 redderem,
1023 2746 1102 2812 gra·

56 2805 144 2875 tiara
156 2806 306 2872 dederant
319 2819 350 2871 et
366 2819 584 2875 concesserant.

106 2891 299 2957 Ibid.l.13.
333 2893 542 2978 ἀνεμητροῡντο]
571 2891 706 2956 Dudum
732 2892 933 2981 conjeceram
960 2893 1102 2959 scriben-

57 2974 144 3045 dum
164 2998 233 3040 esse
254 2981 460 3075 arrprfpoirru
506 2977 621 3041 Postea
646 2978 776 3043 veroin
796 2979 908 3044 codice
930 2980 977 3043 Re
1002 2978 1034 3042 'o
1058 2981 1104 3045 ita

58 3060 316 3147 superscriptum
342 3061 446 3125 inveni
466 3061 579 3124 eadem
601 3084 699 3126 manu
742 3064 930 3150 Quinetiam
953 3063 982 3126 C
1008 3064 1102 3129 risto·
1199 3090 1203 3095 ·

58 3144 264 3234 phorsonnm
287 3145 335 3224 ita
355 3144 473 3230 legisse
499 3159 641 3231 apparet.
666 3169 698 3243 p.
718 3160 787 3210 318.
826 3149 1048 3234 Hieronymus
1069 3149 1103 3211 in

26 3272 29 3277 -
59 3250 136 3327 cap.
145 3231 186 3295 iv.
202 3227 361 3315 Epistad
376 3228 526 3293 Galatas:
542 3229 647 3294 Sedet
663 3230 745 3294 allud
756 3231 1009 3310 rummandum,
1021 3231 1105 3318 qaod

57 3335 121 3402 qur
131 3329 190 3413 per
200 3325 361 3399 peccatam
372 3314 595 3399 quodammodo
607 3314 691 3378 homo
704 3337 768 3379 esse
779 3316 922 3395 desierat,
922 3331 989 3464 per
1001 3316 1104 3402 ρωπί-

61 3409 197 3465 mrum
217 3398 388 3482 concipitur
409 3420 429 3461 a
449 3420 502 3461 roo
526 3397 611 3477 istro,
627 3409 657 3463 et
671 3421 795 3465 rursum
816 3400 849 3471 tn
868 3424 900 3464 eo
947 3401 1040 3466 bristi
1053 3424 1103 3467 re·

48 3482 214 3572 fumario
232 3482 460 3567 repromittitur
479 3420 546 3548 ido.
568 3486 776 3549 Vtsssrus.
809 3490 998 3584 -ὰνεμετρὲντο
1016 3486 1102 3553 codd.

60 3581 98 3633 et
111 3568 182 3635 edd.
196 3589 320 3631 omnes.
348 3571 531 3652 ἀνεμορφέπο
549 3566 724 3653 Christoplr.
741 3570 844 3634 Lectt.
860 3584 895 3634 at
913 3572 1103 3637 inversione

60 3666 217 3719 nostram.
228 3651 400 3717 lectionem
422 3653 586 3737 expressit,
606 3676 679 3739 quae
695 3655 792 3718 etiam
808 3655 840 3718 in
854 3655 928 3719 cod.
944 3657 1026 3743 Reg.
1049 3680 1103 3722 su·
1122 3718 1125 3723 .

61 3737 242 3826 pemeripta
261 3750 323 3819 est,
335 3735 494 3822 probante
506 3736 649 3802 Valerio.
671 3740 841 3803 Srnorrr.
885 3741 999 3807 Errare
1018 3741 1105 3807 vide·

60 3836 119 3888 tur
139 3821 187 3885 vir
206 3820 248 3884 cl.
270 3820 355 3884 circa
375 3820 551 3885 versionem
576 3820 874 3909 Christophorsoni‚
899 3848 972 3924 quae
996 3826 1105 3906 hahet,

62 3906 180 3973 iterum
194 3903 380 3985 iovmernlrro
387 3904 540 3989 formati,
556 3905 637 3970 illud
652 3911 836 3995 ἁνεμοςφὲντο
856 3924 964 3994 potrus
982 3924 1103 3975 secuta.

59 3990 174 4063 Vertit
188 3989 361 4055 Musculus
373 3988 612 4077 rpiogelaotar.
634 3992 750 4056 Statim
763 4008 922 4058 veroante
934 3994 1004 4058 haec
1017 4009 1051 4059 et
1063 3995 1105 4058 ad

60 4088 180 4167 p.271.
191 4075 327 4140 verbum
338 4096 470 4162 quoqne
484 4075 661 4162 sareptano
675 4077 895 4164 metaphorice
908 4078 1100 4144 adhibetur..
1179 4118 1182 4125 -

107 4159 195 4229 lbid.
208 4159 232 4247 1,
243 4166 291 4225 16.
301 4159 551 4246 ⁴iyytmalrorroc]
566 4162 643 4227 Hoc
653 4163 787 4229 verbum
800 4176 868 4228 tam
883 4163 993 4243 active,
1005 4185 1103 4250 quam
1241 4197 1243 4201 .
