2716 4748
298 292 351 360 ru
372 292 606 359 Huossrorr
628 290 923 360 emortuum.
990 257 993 265 ’
1064 308 1122 362 211

94 458 276 528 Clementis
289 464 344 529 Al.
358 464 428 529 haec
443 464 538 529 verba
554 485 593 528 ex
606 463 663 528 lib.
678 463 730 528 vii.
745 460 935 551 Hypotopos.
957 461 1028 552 ejus
1045 463 1123 528 affe·

93 560 210 614 runtur
215 572 225 628 3
241 550 285 613 tto
296 551 323 614 δὲ
334 551 483 637 γεγόνασιν
495 548 633 614 Ἰάκωὲοι·
646 549 682 624 εἷς
693 555 707 612 i
717 548 829 627 δίκαιος,
840 555 853 612 i
865 551 941 615 κατὰ
949 553 986 613 ri
996 549 1122 637 nlrpoyle

92 633 208 714 βληθεὶς
230 637 277 698 nul
295 638 344 700 tini
364 637 485 714 κναφέως
507 637 582 722 ξύλῳ
605 636 728 720 πληγεὶς
752 640 788 709 εἰς
808 635 937 698 θάνατον·
959 633 1123 721 imperiii

92 719 321 807 καρατομηθές.)
345 722 527 798 δεδηλώκασιν
541 722 594 783 o’trrd
610 726 658 784 τοῦ
672 721 827 808 ωτιςυγὶου
839 718 994 800 βεέλῆθαφ,
1006 721 1081 808 ξύλῳ
1093 746 1124 784 τι

74 857 76 861 ⁴
91 807 142 882 τὴν
154 807 228 892 πρὸς
242 807 361 871 θάνατον
374 813 545 893 πεπλῆχθαι
558 808 639 870 αὐτὸν
653 805 814 890 impunitos.
837 803 1010 892 o'tugrie'ruio't
1021 832 1057 891 γε
1070 809 1123 887 μὴν

91 895 132 953 τὰ
146 893 209 953 κατ’
224 894 305 955 αὐτὸν
320 898 334 954 ὁ
347 894 524 976 Ἡγήσιππος
537 894 579 954 ini
592 898 640 968 τῆς
652 891 765 978 πρώτης
781 896 834 953 τῶν
848 891 991 963 ἀποςὸλων
1005 891 1121 977 γενόμε-

89 999 135 1049 νος
148 978 286 1062 διαδοχῆς,
301 981 328 1040 ἐν
347 981 387 1062 τῷ
406 977 521 1063 osiprrlrp
541 980 624 1041 αὐτοῦ
645 979 816 1058 ὑπομνήματι
830 985 923 1040 τοῦτον
937 977 1028 1062 λέγων
1044 981 1125 1076 lyopei

87 1061 138 1123 τὸν
154 1061 262 1148 τρόπον.
296 1067 549 1126 ΔΙΑΔΕΧΕΤΑΙ
565 1064 592 1125 δὲ
608 1064 668 1126 &o
706 1063 832 1146 chom
847 1061 970 1147 quidem
983 1078 1123 1148 superius

90 1145 218 1210 undum
238 1147 332 1212 credis
352 1148 460 1212 Jucoli
480 1171 519 1212 eu
541 1147 650 1211 allatis
673 1145 838 1211 Clementis
859 1146 959 1212 uerbis
980 1169 1014 1211 co
1037 1148 1123 1213 novi-

88 1251 171 1310 mus,
186 1230 242 1318 qui
255 1255 294 1298 eo
309 1233 417 1318 templi
428 1232 570 1321 fastigio
590 1255 659 1296 euru
677 1231 923 1318 praecipitotum,
942 1244 973 1296 et
1010 1233 1123 1299 ullouis

88 1327 175 1381 vecte
184 1331 362 1416 percussum
377 1319 530 1385 interiisse
545 1329 675 1383 testatus
695 1329 751 1382 est.
795 1317 856 1381 Sed
877 1318 1011 1383 omnium
1032 1341 1122 1384 occu*

87 1401 247 1469 rutissrme
258 1404 454 1490 Hegesippus
469 1404 523 1492 qui
535 1403 751 1488 Apostolorum
768 1403 952 1488 temporibus
964 1406 1123 1490 promimus

76 1484 167 1570 fuit,
182 1487 216 1551 in
231 1489 339 1574 quinto
354 1489 639 1554 commentariorum
659 1488 735 1557 libro
755 1489 793 1552 de
811 1488 924 1552 Jucolo
942 1490 1123 1575 perscripsit

89 1568 141 1635 tis
154 1571 263 1636 uerbis.
285 1575 534 1651 ‚ECCLESIA,
550 1574 663 1659 iuquit,
682 1576 741 1636 dec.
756 1574 815 1636 &o
1203 1586 1205 1590 ’

134 1658 168 1722 P.
184 1672 250 1736 192.
264 1657 287 1723 l.
298 1675 329 1737 9.
351 1664 424 1742 perd
441 1664 494 1723 τῶν
514 1657 670 1757 inceium]
689 1658 908 1755 Hieronymus
925 1659 958 1722 in
973 1659 1123 1746 catologo

86 1739 176 1807 hunc
199 1743 318 1827 locum.
334 1745 379 1808 ita
401 1746 504 1809 vertit.
543 1744 681 1827 Suscepit
695 1741 869 1807 Ecclesium
886 1742 1123 1835 Hierosolymce,

82 1839 159 1911 post
181 1828 344 1938 Apostolos
362 1829 473 1916 frater
500 1828 630 1893 Domini
650 1828 790 1892 Jocolus.
839 1829 939 1928 Quasi
964 1830 1124 1915 legeretur

85 1917 164 1995 μετὰ
175 1940 237 1989 τους
250 1915 413 1990 turrium.
457 1917 573 2000 Longe
586 1914 702 1978 rectius
717 1913 911 1979 adversarius
929 1916 1123 2003 Hieronymi

88 1998 223 2064 Rufinus
244 2001 471 2086 interpretatus
493 2013 542 2064 est
563 2023 631 2064 curu
646 1998 816 2084 Apostolis.
860 2001 946 2064 Nam
968 2001 1123 2087 Apostoli

86 2104 156 2150 uua
178 2106 254 2149 cum
277 2087 402 2151 Jacobo
427 2089 588 2172 Episcopo
618 2084 946 2171 Hierosolymitunam
972 2101 1122 2152 rexerunt

86 2168 278 2235 Ecclesium.
333 2174 443 2259 Quare
466 2193 632 2258 perperam
659 2171 791 2235 Rufinus
813 2171 845 2233 in
873 2192 943 2256 cap.
970 2188 996 2235 1.
1023 2171 1121 2259 hujus

86 2252 174 2334 libri,
189 2256 349 2322 Jacobum
364 2257 596 2344 Apostolorum
619 2258 814 2342 Episcopum
837 2255 1020 2320 nominavit.
1049 2262 1121 2322 At·-

86 2339 146 2426 qui
161 2340 311 2407 Clemens
326 2344 418 2430 cujus
433 2342 527 2406 verba
544 2343 608 2407 illic
624 2343 847 2426 interpretatur
866 2341 1008 2419 Rufinus,
1022 2343 1119 2407 Jaco-

87 2424 169 2490 bum
185 2448 250 2491 non
264 2427 509 2514 Apostolorum,
524 2427 580 2492 sed
602 2426 902 2512 Hierosolymorum
922 2427 1120 2525 Episcopum

87 2509 211 2577 fuctum
231 2513 401 2578 esse-dicit.
446 2516 543 2577 Porro
566 2513 699 2577 Rufinus
720 2510 753 2575 id
775 2511 917 2575 hausisse
937 2512 1060 2575 videtur
1080 2532 1120 2578 ex

89 2594 269 2663 Clementis
292 2599 588 2685 Recognitionibus,
614 2620 693 2685 quas
717 2596 764 2660 vel
793 2597 872 2682 ipse,
896 2596 945 2660 vel
970 2599 1120 2666 Paulinus

87 2680 187 2747 latine
201 2684 304 2749 vertit.
348 2686 435 2749 Nam
454 2685 486 2748 in
509 2683 564 2748 lib.
579 2685 612 2749 ii.
633 2683 702 2770 ejus
721 2683 825 2767 operis
846 2681 1007 2762 Clemens,
1022 2685 1120 2748 Jaco-

86 2765 169 2832 bum
183 2769 313 2833 fratrem
335 2770 480 2847 Domini,
495 2792 590 2857 quem
612 2770 680 2854 ipse
700 2767 993 2855 Archiepiscopum
1014 2770 1120 2834 nomi·
1190 2808 1194 2817 ·

88 2865 146 2917 nat
175 2866 209 2918 et
235 2855 410 2940 prinoipem
445 2857 688 2941 Episcoporum,
716 2853 900 2939 Episcopali
929 2856 1120 2925 auctoritate

86 2935 258 3023 Apostolis
284 2941 433 3005 omnibus
463 2940 698 3026 praecipientem
727 2940 861 3003 inducit.
909 2941 1118 3006 Vuussrus.

86 3021 280 3088 Narroverat
299 3039 373 3089 ante
394 3027 549 3091 Eusebius
567 3048 641 3090 oum
658 3028 690 3090 in
704 3025 766 3089 hoc
781 3026 896 3124 capite,
911 3038 982 3089 tum
997 3047 1070 3090 vero
1080 3027 1119 3091 iu

88 3106 236 3173 Chronico
256 3132 314 3174 suo
333 3110 439 3174 adan.
456 3111 596 3176 Abrahae
610 3125 699 3189 2048,
715 3110 857 3175 ecclesrae
879 3110 1118 3198 Hierosolymi-

84 3205 172 3257 tanae
193 3194 378 3282 episcopum
402 3197 444 3260 ab
464 3197 617 3282 apostolis
636 3196 818 3261 ordinatum
833 3195 990 3260 Jacobum
1008 3196 1117 3261 fuisse.

86 3278 132 3343 Et
144 3279 245 3365 reperi
260 3302 324 3368 ego
339 3282 507 3346 lectionem
527 3284 569 3346 ἐπὶ
588 3287 641 3346 τῶν
663 3280 803 3354 incedam
819 3281 852 3344 iu
866 3280 977 3345 codice
991 3291 1118 3347 vetusto

85 3362 293 3430 bibliothecae
307 3366 488 3431 Bodleianae
502 3391 591 3432 num.
605 3381 669 3431 142.
683 3366 863 3453 designato,
874 3365 907 3429 in
924 3388 989 3452 quo
1003 3367 1118 3453 Hege-

84 3449 170 3599 sippi
183 3450 294 3517 isthaec
305 3451 351 3516 de
365 3469 470 3518 morte
484 3454 598 3519 Jacobi
611 3466 731 3530 extant,
745 3451 812 3530 sed,
827 3451 915 3538 quod
930 3452 1063 3532 mireris,
1072 3473 1118 3518 *ex

86 3533 117 3598 C
142 3535 252 3600 tonica
279 3537 424 3602 Historia
448 3540 589 3616 Eusebii,
614 3554 652 3602 ut
677 3560 742 3623 prae
768 3560 802 3600 se
826 3538 889 3600 fert
910 3537 1036 3616 titulus,
1058 3537 1116 3603 de·

83 3634 216 3706 sumpta
227 3630 247 3699 3?
256 3623 485 3709 ψευδεπιγράφῳς
504 3623 644 3710 quidem,
659 3623 717 3687 nisi
732 3622 900 3700 Eusebius,
916 3622 999 3687 utin
1014 3623 1117 3688 histo·

82 3704 143 3784 ria,
165 3706 212 3771 ita
233 3707 266 3771 iu
290 3708 523 3774 Chronicorum
545 3710 650 3796 priore
671 3709 753 3772 libro
776 3729 860 3771 nunc
881 3707 1057 3794 deperdit0,
1078 3731 1118 3776 ea

82 3790 281 3858 adduxisset.
311 3795 476 3880 Perpetem
492 3800 575 3879 erupi
589 3798 642 3859 τῶν
657 3794 809 3869 iracitur,
821 3813 880 3879 pro
895 3815 965 3857 vera
980 3793 1119 3866 lectione

82 3880 178 3958 pue,
191 3878 320 3943 Gruteri
342 3880 443 3944 Lectt.
465 3880 506 3945 ad
524 3903 612 3945 oram
633 3880 680 3943 ed.
705 3880 817 3944 Geueu
837 3878 961 3964 positae.
1005 3881 1118 3946 Habet

85 3961 251 4049 Georgius
264 3967 443 4053 Syncellus,
457 3967 512 4052 qui
527 3971 602 4051 ῥῆσιν
617 3967 723 4050 posuit
741 3967 774 4029 in
792 3964 1045 4051 Cironogruplrio
1059 3987 1116 4030 sua
1184 4008 1186 4013 -

83 4045 128 4110 ad
143 4067 218 4134 pag.
229 4062 299 4125 337.
314 4057 388 4132 μετὰ
398 4056 446 4128 τὴν
459 4057 513 4114 τῶν
527 4051 678 4127 irretitur,
693 4051 749 4114 sed
764 4050 927 4128 mendose,
943 4051 973 4112 ni
988 4049 1115 4114 excide·

84 4130 128 4197 rit
142 4146 215 4217 post
229 4136 373 4210 ἀποςὸλων
385 4159 446 4201 vox
459 4136 698 4223 estensiuquod
713 4159 788 4201 cum
810 4135 1001 4221 Hieronymi
1014 4134 1117 4202 verbis

80 4219 286 4296 ¹conveniret.-
323 4220 446 4288 Contra
466 4223 560 4295 citius
581 4224 726 4303 fortasse,
745 4242 842 4309 quam
864 4220 1045 4308 oportebat,
1059 4221 1115 4289 Ja-

577 4327 596 4370 P
608 4321 627 4371 2
