2716 4748
251 270 316 345 ru
334 276 571 345 asaastsrr
593 274 893 345 natantum.
1030 272 1094 365 ειη

55 451 82 495 -“
94 444 215 528 ducaei,
239 445 333 515 initio
356 447 490 515 Joannis
513 447 584 539 jam
609 470 703 537 paene
728 448 928 537 temporibus
952 458 1097 535 sumpto.

55 538 82 575 “
94 533 209 622 Hique
220 534 387 601 ut-ceteris
396 534 562 624 justiores,
575 557 746 623 segregare
759 558 794 601 se
806 556 935 622 coepere
948 554 968 598 a
982 532 1099 647 populi

55 624 82 661 “
94 634 187 687 coetu
204 630 238 685 et
256 633 460 711 mortuorum
481 623 746 687 resurrectionem
766 642 894 708 negare,
912 620 982 685 &eff
1032 616 1098 685 Sed

55 718 92 773 et
113 704 214 794 paulo
236 718 312 794 post
335 705 423 772 idem
446 706 598 772 Clemens
620 730 687 773 non
706 708 813 794 plures
835 728 932 794 quam
953 706 1097 857 quinque

55 792 259 893 supradictas
273 808 422 858 numerat
435 804 537 857 sectas
549 792 750 859 Judaeorum.
775 793 950 859 Mirabitur
977 805 1099 857 ortasse
1131 824 1141 842 e

55 878 100 945 alr
125 878 337 945 uiscurinter
345 878 405 944 has
414 892 516 944 sectas
527 879 654 945 Essaeos
663 878 912 966 praetermiserit.
936 877 1039 965 Cujus
1051 875 1099 942 rei

129 986 181 1029 am
195 964 291 1029 sliam
302 964 461 1029 rationem
476 965 658 1050 excogitare
672 988 854 1052 possumus,
867 963 927 1030 nisi
941 964 1029 1051 quod
1043 985 1099 1028 ve·

55 1062 144 1115 terea
155 1047 311 1115 Eoolesiae
321 1063 429 1136 patres
441 1050 558 1114 Essaeis
573 1071 669 1136 supra
682 1051 816 1117 modum
828 1053 984 1117 inverunt.
1002 1052 1100 1117 Vna.

100 1136 137 1201 P.
156 1150 223 1215 191.
245 1134 269 1199 l.
288 1152 319 1214 9.
348 1135 514 1219 Γαλιλαῖοι]
542 1135 616 1199 Hos
643 1157 774 1223 quoque
801 1138 884 1203 inter
908 1136 1099 1201 Judaeorum

55 1218 229 1289 ltteretioos
250 1234 395 1286 recenset
414 1220 562 1286 Justinus
583 1232 618 1285 et
638 1220 874 1309 Hieronymus.
909 1223 1039 1287 Auctor
1060 1240 1100 1287 aa

96 1308 208 1395 'nceps
226 1304 324 1395 hujus
347 1318 443 1371 sectae
462 1306 526 1371 fuit
541 1305 644 1372 Judaa
659 1306 826 1386 Galilaeus,
841 1306 897 1393 qui
920 1319 996 1391 post
1015 1307 1101 1372 exsi-

54 1328 140 1459 llius
154 1392 240 1481 regis
254 1392 420 1473 Archelai,
435 1414 511 1457 cum
525 1391 664 1457 Romani
680 1393 712 1456 in
727 1393 747 1457 J
750 1392 842 1457 udaea
855 1414 987 1457 censum
1002 1412 1103 1479 agere

55 1478 189 1559 vellent,
202 1477 375 1580 populares
396 1498 472 1543 auos
493 1477 536 1543 ad
557 1476 754 1543 retinendam
778 1477 944 1579 pristinam
966 1478 1100 1543 liberta·

54 1576 126 1629 tem
144 1565 305 1644 exaravit,
318 1579 353 1630 et
373 1576 521 1651 quartam
543 1577 664 1629 sectam
685 1564 803 1627 invexit
825 1563 1046 1641 Galilaeorum,
1062 1574 1101 1629 ut

56 1648 173 1717 scribit
184 1649 348 1738 Josephus
361 1649 394 1715 in
408 1650 491 1715 libro
503 1650 536 1714 ii.
552 1650 594 1714 de
607 1649 693 1715 bello
707 1650 729 1714 J
731 1649 857 1713 uda'ico.
890 1650 1100 1714 Vnassrus.

56 1778 62 1787 -
101 1734 188 1801 Ibid.
212 1734 461 1825 Ἡμεςοὸαπῖιςαὶ]
486 1734 609 1801 Eadem
634 1735 792 1821 dogmata
814 1756 890 1800 cum
916 1734 1036 1799 Scribis
1061 1748 1101 1799 ao

57 1816 227 1890 Pharisteis
252 1822 502 1909 amplectuntur.
546 1822 622 1886 Hoc
648 1842 724 1885 vero
744 1821 943 1907 precipuum
967 1819 1101 1899 habent,

56 1908 150 1995 quod
170 1920 340 1973 tumuere
362 1922 519 1974 autumno
544 1929 584 1971 ue
606 1928 705 1994 quam
727 1919 838 1971 aestate
859 1918 957 1993 atque
980 1906 1002 1970 h
1026 1926 1101 1971 eme

55 1992 205 2083 quotidie
222 1994 349 2060 lavant:
371 1993 458 2059 unde
474 2007 508 2058 et
520 1930 886 2079 llemerobapdstarum
909 2013 991 2080 appe
1016 1990 1101 2057 atio·

56 2090 135 2145 uem
148 2078 257 2167 adepti
271 2092 358 2145 sunt.
404 2081 456 2145 Ita
470 2079 556 2143 enim
571 2078 755 2144 statuebant
769 2079 871 2143 vivere
885 2078 977 2142 aliter
993 2076 1100 2143 homi·

57 2180 135 2231 rtem
158 2186 225 2231 non
245 2187 354 2252 posse,
370 2187 466 2253 quam
486 2164 513 2230 si
533 2163 680 2250 quotidie
699 2185 734 2227 se
750 2164 842 2250 aquis
857 2164 988 2241 elueret,
1003 2177 1102 2250 atque

56 2250 101 2317 ab
115 2251 208 2315 omni
221 2250 354 2317 erimine
389 2263 530 2336 argaret.
553 2249 713 2336 Epiphan.
727 2248 851 2313 Haeret.
863 2250 936 2313 xvii.
951 2249 1102 2313 afferente

57 2334 302 2402 Raamrtoro.
345 2272 454 2422 ldugae
476 2347 604 2400 tantum
626 2356 663 2399 ae
683 2356 771 2398 mera
789 2335 914 2398 somnia
928 2332 1103 2419 Epiphanii

57 2420 174 2487 isthaec
185 2422 333 2487 videntur
344 2422 469 2487 Jacobs
484 2419 692 2499 Rhenlerdio,
708 2420 763 2506 qui
776 2420 809 2483 in
824 2420 961 2483 Dissert.
976 2440 1034 2483 sua
1051 2419 1102 2484 De

58 2504 159 2573 Fictis
170 2506 354 2573 Judaeorum
369 2506 494 2572 Hoeras.
510 2509 541 2590 ᾗ.
553 2528 627 2570 xxx.
641 2506 701 2570 &a
725 2505 1025 2604 Hemerobaptistas
1038 2505 1101 2570 hoa

57 2592 174 2659 statuit
193 2607 367 2659 servatores
388 2592 488 2658 fuisse
506 2592 588 2678 legis
608 2590 776 2670 Mosaicae,
790 2612 854 2678 qua
891 2589 999 2655 uidem
1016 2589 1102 2677 jussi

57 2694 136 2745 aunt
151 2679 306 2745 israelita
320 2679 422 2743 lavare
435 2701 469 2746 se
483 2691 517 2743 et
531 2677 738 2756 vestimenta,
747 2691 782 2742 et
796 2614 1004 2764 supellectile,
1017 2698 1101 2762 quo·

58 2764 123 2833 ties
132 2764 251 2852 polluti
262 2777 380 2843 essent,
389 2764 471 2829 adeo
484 2777 522 2830 ut
533 2761 769 2850 Ἡμεροέαπῖιςὴς
781 2763 867 2828 idem
880 2763 933 2841 sit,
945 2762 1001 2849 qui
1014 2762 1101 2827 Rab-

57 2848 145 2915 binis
158 2868 222 2917 :tr
234 2848 308 2917 tran
319 2863 514 2929 vocatur,·e0
530 2850 581 2915 die
593 2849 777 2949 tingendus,
789 2871 854 2935 quo
866 2849 988 2913 scilicet
997 2848 1102 2913 fixerat

105 2935 218 3002 llutus.
262 2936 328 3001 Sed
341 2936 455 3002 viderit
467 2937 514 3001 vir
527 2935 744 3015 doctissimus,
760 2957 800 2998 an
815 2934 984 2999 verisimile
1000 2933 1053 3014 sit,
1064 2944 1104 3000 ut

71 3022 144 3109 egis
155 3022 312 3093 Mosaicae
323 3022 543 3087 observatores
556 3044 616 3109 pro
640 3033 727 3086 terea
740 3022 865 3085 sectarii
879 3020 1101 3085 existimaren-

57 3120 127 3189 mr,
140 3121 198 3173 aut
211 3107 292 3173 tales
307 3129 375 3172 esse
390 3130 409 3173 a
423 3130 587 3194 quoquam
630 3122 815 3194 agerentur,
830 3106 921 3185 dum,
936 3119 973 3170 ut
988 3107 1102 3192 opina·

58 3204 116 3259 tur
127 3192 194 3274 ille,
208 3193 297 3259 nulla
311 3215 345 3257 re
360 3216 379 3258 a
394 3194 518 3259 caeteris
532 3193 656 3258 Judaeis
672 3192 904 3277 discrepabant.
948 3192 1008 3255 Ait
1027 3188 1100 3277 qui-

58 3278 138 3343 dem
152 3278 351 3366 Epiphanius
366 3278 459 3344 Hcer.
471 3302 523 3343 xx.
538 3301 628 3344 num.
641 3294 671 3343 3.
687 3277 793 3342 nullos
813 3277 1014 3362 temporibus
1035 3274 1105 3339 suis

57 3364 256 3451 superfuisse
276 3364 589 3452 Hemerobaptistas,
614 3363 699 3429 unde
722 3362 804 3428 illud
828 3376 999 3442 constaret,
1024 3382 1102 3426 eunt

57 3446 206 3515 hausisse
218 3460 277 3513 sua¹
289 3470 330 3513 ex
342 3448 443 3526 libris,
454 3472 519 3514 non
532 3472 573 3514 ex
587 3471 645 3514 sua
658 3450 758 3536 ipsius
772 3471 812 3514 co
838 3448 974 3527 nitione3
988 3468 1101 3512 verum

57 3534 135 3637 plus
149 3535 248 3599 semel
262 3547 296 3599 et
309 3533 387 3599 alibi
401 3535 520 3599 diserte
532 3535 587 3599 ille
601 3536 710 3613 refert,
722 3534 799 3598 istos
812 3470 983 3598 {arcticos
998 3533 1103 3598 doeu'·

58 3640 136 3698 asse,
145 3619 287 3719 pendere
306 3620 410 3706 ipsam
430 3633 583 3685 aeternam
597 3621 732 3685 salutem
748 3643 787 3683 ex
801 3618 1019 3684 ablutionibus
1034 3618 1102 3684 suis

58 3703 275 3793 quotidianls3
290 3704 437 3771 similiter
451 3726 488 3770 ac
504 3727 630 3792 semper
643 3719 825 3770 statuerunt
838 3704 910 3769 Indi
919 3704 1103 3785 orientales,

57 3798 157 3879 que
175 3790 207 3855 vi
224 3789 328 3855 divina
345 3792 490 3855 animum
505 3791 647 3877 purgari,
662 3804 696 3855 et
712 3790 874 3888 hodieque
889 3789 1103 3877 hemerobap-

56 3876 148 3943 tistae
159 3888 246 3942 sunt.
274 3878 373 3940 Porro
384 3889 422 3941 ut
434 3877 581 3942 Justinus
597 3878 725 3977 Martyr
739 3877 772 3941 in
784 3876 921 3964 Dzologo
937 3898 1006 3941 cum
1019 3878 1101 3965 Try-

52 3960 162 4052 phone
174 3962 336 4049 Baptistas
348 3985 414 4026 una
427 3985 504 4027 cum
519 3963 588 4027 aliis
598 3962 742 4028 Judarcis
758 3962 853 4027 sectis
864 3983 1101 4026 commemora·

57 4048 117 4127 vit,
133 4068 222 4113 num.
238 4061 286 4112 80.
301 4047 347 4112 ita
366 4048 666 4134 Hemerobaptistas
687 4048 862 4112 nominavit
875 4050 1002 4112 Auctor
1019 4048 1101 4111 Con·

56 4133 130 4211 etit.
143 4134 255 4221 Apost.
270 4133 329 4199 lib.
342 4133 383 4199 vi.
401 4156 431 4199 c.
443 4141 473 4199 6.
511 4136 562 4199 Ut
574 4133 616 4198 ab
630 4133 681 4198 his
694 4133 870 4235 geqtllibas
885 4133 951 4198 suis
966 4130 1102 4197 Ebionl'·

56 4232 355 4295 tt'ruoremsuum
369 4219 566 4313 quotidianae
578 4219 788 4303 lratratroms,
802 4240 902 4312 quem
919 4214 1103 4287 memorant
