2716 4748
193 250 256 333 ην
352 242 371 293 -·
530 242 892 316 Annoranonns
966 242 986 295 -’

190 440 290 499 napis,
307 415 507 483 firmantibus
532 415 661 483 Gruteri
678 418 781 483 Lectt.
799 432 898 567 affluo
917 418 1102 505 Nicephoro.
1145 420 1225 485 Pra-

189 515 279 568 terea
292 500 412 649 ‘propre
427 503 590 569 habebant
602 502 688 567 codd.
700 504 795 568 Mon.
849 504 898 567 ed.
909 504 1019 569 halet.
1034 517 1120 569 teste
1132 506 1228 571 Vale·

191 585 253 664 sio,
268 606 304 649 so
318 608 356 650 us
370 586 435 651 cod.
449 586 566 675 Regias
579 587 784 673 ἂννγνῶκαμεν.
815 590 933 677 Margo
947 602 1058 653 autem
1071 588 1229 655 Jonest'anl

191 669 379 754 exemplaris
389 672 552 757 edSteplt.
562 672 690 737 adedit.
700 672 823 737 Readin
849 673 857 688 '
880 672 1229 759 necalcemdsipm.

235 757 270 819 P.
286 762 353 821 168.
368 756 390 820 l.
405 768 436 831 7.
456 756 487 833 ἣν
507 756 661 842 ἶξνμννΗν
683 756 785 843 ἴχνμνν
805 694 982 843 ciintopn.
1002 760 1108 823 lectt.
1138 758 1172 837 bs
1184 760 1230 823 nol

190 838 285 922 ἶξνμεν
301 840 430 925 Ntceplt.
455 842 625 907 STROTH.

233 925 318 989 lbid.
339 925 370 1002 ἣν
384 925 478 1008 ἕξομεν
491 926 538 989 o’nl
546 952 614 991 ποτε
628 924 864 1011 ἀναγινώσκοντες
875 930 1064 1007 medaridus,
1074 928 1112 1001 ὥς
1122 926 1174 991 καὶ
1186 930 1232 1007 νῆν

189 1008 345 1098 προτέραν]
365 1010 452 1075 Cum
466 1010 579 1098 Steph.
594 1011 793 1098 Lemoynius
814 1012 936 1077 videret
955 1012 1136 1077 Eusebium
1155 1010 1231 1077 alibi

189 1095 318 1159 unicam
332 1094 509 1160 Clementis
521 1096 691 1181 epistolam
706 1116 894 1181 agnoscere,
908 1096 1037 1161 unicam
1044 1096 1157 1185 igitur
1169 1094 1231 1161 boc

189 1176 266 1244 loco
282 1182 454 1245 memorari
463 1182 539 1267 jure
554 1181 714 1245 censebat.
737 1181 838 1245 Hune
849 1194 959 1245 tamen
970 1181 1094 1261 locum,
1105 1180 1230 1261 daviti

188 1263 368 1328 doctissimi
383 1278 501 1352 urgent
516 1265 558 1330 ad
572 1266 652 1330 duas
666 1264 861 1329 clementie
884 1264 995 1330 istolas
1006 1264 1229 1345 ascribendas,

190 1347 268 1412 dum
290 1348 359 1434 ipse
378 1362 482 1436 putat,
497 1364 624 1415 tantum
640 1349 735 1414 unius
749 1351 853 1435 episto
866 1372 906 1429 ae,
920 1350 1050 1415 exclusa
1062 1350 1166 1415 etiam
1179 1348 1231 1417 ills

191 1434 323 1514 Soteris,
339 1436 406 1500 fieri
425 1437 634 1514 mentionem,
650 1435 743 1499 etsie
759 1434 851 1521 legit,
865 1436 1060 1519 ἀνεγνῶναμνν
1074 1440 1125 1513 τὴν
1139 1438 1230 1507 tm-

189 1524 239 1596 λὴν
254 1518 284 1595 ἢν
299 1519 393 1601 ἕξομεν
407 1520 454 1583 ἄνι’
464 1547 530 1585 ποτε
545 1520 779 1605 ἀναγινώσκοντες
792 1524 981 1600 νννθπεῖθαν,
995 1522 1031 1595 ὥς
1045 1520 1097 1583 nal
1109 1522 1144 1585 τὸ
1157 1518 1230 1607 opl-

189 1628 264 1691 προν
278 1611 341 1687 ἡμῖν
356 1607 401 1668 διὰ
415 1608 576 1689 Κλήμεντος
591 1608 758 1692 γραφεῖσαν.
804 1604 954 1692 Legimus
967 1602 1134 1690 epistolam
1151 1606 1230 1689 [vst-

190 1695 300 1776 trnnr],
315 1712 411 1775 qnam
427 1706 546 1777 semper
564 1690 697 1777 legimns
718 1688 762 1753 nd
782 1688 1014 1755 instructionem
1031 1698 1064 1753 et
1082 1688 1230 1753 solutions

188 1783 340 1851 nostruin,
355 1785 507 1861 tanquam
526 1774 568 1839 ad
585 1797 640 1839 nos
655 1788 714 1858 per
729 1774 918 1839 Clementem
935 1772 1010 1838 olim
1028 1772 1184 1859 scriplum
1201 1782 1229 1837 cl

189 1857 388 1921 destinatam.
437 1859 577 1923 Addidit
600 1860 685 1921 enim
710 1858 756 1923 vir
780 1857 879 1923 else
903 1879 969 1923 non
988 1856 1109 1937 videre,
1131 1878 1229 1945 quaro

188 1940 349 2005 celebrem
370 1942 465 2007 istam
489 1943 658 2029 epistolam
681 1944 835 2008 Romanis
853 1942 1019 2009 tribuisset
1038 1942 1228 2031 Dionysius,

188 2046 284 2112 quam
301 2028 413 2113 utique
426 2029 595 2092 constabat
608 2050 628 2090 a
643 2027 812 2092 Clemente
831 2038 1005 2106 exaratam,
1020 2038 1055 2091 et
1067 2026 1158 2093 illius
1172 2050 1227 2093 no·

188 2110 275 2173 mine
289 2110 410 2197 ubique
424 2112 491 2198 legi
505 2126 539 2176 et
552 2111 654 2177 citari.
676 2112 761 2177 Vide
773 2114 879 2178 Notas
890 2112 961 2200 ejus
974 2111 1009 2179 in
1023 2110 1119 2177 Varia
1132 2112 1227 2177 &cro

187 2217 246 2259 sua
259 2217 292 2281 p.
307 2203 393 2271 1067.
437 2197 501 2261 Sed
521 2219 594 2261 mea
611 2196 742 2283 quidem
762 2196 920 2263 sententia
940 2196 1021 2261 nihil
1034 2208 1086 2261 est
1099 2208 1227 2261 mutan·

187 2279 290 2357 dum3
312 2292 400 2345 recte
417 2282 504 2346 enim
526 2283 691 2346 confertur
712 2282 872 2367 posterior
892 2281 964 2345 haec
985 2280 1108 2345 Soteris
1130 2292 1225 2367 atquo

189 2366 408 2430 Romanorum
424 2389 441 2429 e
465 2367 560 2431 istola
573 2389 647 2431 cum
662 2366 761 2452 priori
772 2367 828 2430 illa
842 2365 1031 2444 Clementis,
1043 2386 1142 2451 quam
1156 2365 1224 2454 qni·

186 2450 261 2514 dem
284 2453 413 2515 nomine
436 2389 590 2516 domena
614 2451 757 2515 ecclesiae
780 2452 934 2519 dictatam
956 2450 1068 2528 fuisse,
1094 2463 1167 2515 tum
1190 2470 1225 2516 ex

187 2535 393 2622 inscriptione
408 2536 519 2623 ipsius,
530 2551 599 2600 tum
612 2557 651 2599 ex
661 2536 764 2599 verbis
779 2535 904 2614 Irenaei,
916 2535 958 2600 ab
969 2535 1111 2599 Eusebio
1127 2534 1187 2600 lib.
1197 2558 1224 2600 ν.

187 2619 275 2684 Hirr.
292 2643 321 2685 c.
335 2629 365 2685 6.
378 2622 492 2700 allatis,
508 2621 636 2685 abunde
650 2635 739 2705 patet
748 2645 759 2699 ;
781 2621 848 2684 ’Fal
863 2619 937 2684 stira
958 2617 990 2682 ἒν
1009 2625 1047 2681 τῦ
1066 2620 1225 2701 Κλήμεντος

186 2705 295 2779 §oiston
314 2710 362 2769 οὐκ
383 2706 479 2789 ὀλίγης
499 2710 554 2780 τοῖς
580 2708 607 2769 ἓν
629 2705 756 2793 Κορίνθῳ
777 2703 921 2790 γενομένης
941 2707 1078 2786 ἀδελφοῖς,
1093 2704 1225 2775 treenta

186 2793 244 2865 ἢέν
256 2790 347 2875 Ῥώμῃ
363 2789 500 2866 ἐκκλησία
516 2791 686 2866 ἱκανωτάτην
699 2795 806 2876 γραφὴν
819 2794 875 2865 τοῖς
890 2787 1044 2876 Κορινθίοις
1060 2789 1121 2852 διο.
1150 2788 1223 2853 Vid.

187 2884 221 2936 et
234 2873 291 2937 lib.
304 2875 346 2936 iii.
363 2874 450 2937 Hist.
467 2874 579 2937 Easeb.
595 2897 665 2960 cap.
684 2882 731 2938 16.
748 2890 783 2939 et
796 2888 846 2939 es.
893 2876 990 2938 Porro
1014 2896 1034 2937 a
1055 2872 1225 2937 Clemente

186 2956 280 3022 Alex.
299 2958 370 3022 haec
391 2958 478 3022 dicta
499 2970 548 3022 est
569 2960 778 3023 Rornanorum
801 2958 938 3045 epistola
960 2959 1002 3022 ad
1025 2956 1223 3023 Corinthios.

188 3042 302 3107 Strom.
318 3069 346 3107 v.
365 3059 411 3106 12.
426 3065 458 3128 p.
471 3051 541 3123 693.
558 3043 609 3108 ed.
625 3045 757 3107 Posteri.

231 3128 396 3193 Caeterum
413 3129 505 3193 verba
519 3152 603 3193 nunc
619 3128 813 3215 subjungam
830 3125 995 3206 Halloixii‚
1006 3125 1093 3191 male
1105 3138 1224 3206 tamem

185 3226 224 3278 ut
238 3215 362 3300 opinor,
377 3214 455 3278 duas
472 3214 638 3278 Clementis
652 3213 803 3299 epistolas
820 3232 860 3275 ex
877 3211 966 3276 Dion
990 3211 1028 3275 sii
1042 3211 1224 3276 loco-colli-

186 3302 302 3383 gentis.
331 3307 353 3339 “
371 3299 496 3365 Indicat
509 3300 562 3364 hic
576 3298 755 3383 Dionysius
770 3297 850 3360 duas
861 3295 895 3359 in
910 3235 1046 3360 ecclesia
1061 3295 1227 3360 Corinthi·

185 3389 208 3463 ‘.‘
223 3406 316 3446 orum
331 3383 429 3447 lectas
445 3399 515 3448 tum
530 3384 680 3469 epistolas
696 3403 897 3445 summorum
913 3381 1117 3467 pontificum,
1128 3396 1227 3444 unam

186 3471 210 3508 “
227 3467 416 3546 Clementis,
440 3490 577 3553 eamque
600 3468 740 3553 priorem
768 3465 810 3530 ad
837 3465 926 3549 ipsos
954 3466 1111 3543 missam3
1148 3464 1227 3529 duas

186 3555 209 3591 “
224 3553 309 3616 enim
334 3552 431 3630 misit,
454 3568 491 3615 ut
511 3552 585 3615 binc
608 3552 784 3637 colligitur,
806 3560 901 3613 etex
922 3550 993 3613 aliis
1015 3548 1226 3627 auctoribus;

186 3638 358 3701 “alteram
381 3637 514 3715 Soteris,
536 3660 632 3723 quam
656 3635 735 3699 dicit
752 3635 963 3699 institutionis
985 3634 1059 3697 loco
1080 3633 1113 3697 in
1136 3654 1228 3698 com·

187 3725 209 3759 ‘¹
224 3744 321 3786 mune
348 3722 470 3787 lectum
495 3722 543 3787 iri.
589 3720 743 3785 Solebant
765 3719 878 3805 igitur,
899 3732 937 3783 ut
960 3718 1009 3781 vel
1031 3717 1107 3781 hinc
1128 3739 1229 3805 appa-

186 3811 211 3844 “
225 3820 284 3882 ret,
310 3808 463 3892 episcopi,
488 3829 563 3871 cum
587 3808 710 3893 aliquas
733 3827 752 3868 a
775 3804 910 3868 summis
954 3801 1150 3881 ontificibus‚
1170 3814 1228 3867 aut

186 3897 209 3931 ‘¹
224 3892 265 3953 ab
280 3891 348 3955 aliis
363 3892 566 3955 ecclesiarum
588 3889 775 3976 praesidibus
789 3910 908 3973 magna
944 3887 1068 3951 cetrina
1082 3898 1117 3949 et
1133 3908 1228 3952 sanc·

187 3981 209 4015 “
224 3976 317 4038 titate
331 3977 484 4060 praeditis,
501 3976 610 4062 quales
631 3976 664 4038 in
686 3975 796 4061 paucis
819 3972 966 4058 Ignatius
981 3984 1015 4036 et
1030 3971 1228 4058 polycarpus

186 4066 209 4100 “
221 4060 308 4124 inter
324 4061 405 4124 alios
427 4061 526 4136 fuere,
540 4060 691 4146 epistolas
714 4072 857 4122 recenter
879 4058 1088 4142 accepissent,
1109 4076 1165 4118 eas
1185 4054 1227 4117 ad

186 4150 209 4184 “
223 4145 337 4233 populi
357 4134 590 4210 institutionem
604 4159 638 4210 et
651 4141 904 4229 consolationem
918 4141 1100 4208 Dominicis
1114 4140 1229 4205 diebus
