2716 4748
251 260 308 329 ,ΙΝ
328 259 563 327 HEGESIPPI
586 256 882 327 FRAGMENTA.
1020 275 1084 343 ,17

54 430 109 497 Ita
132 429 188 495 ille
211 437 446 519 vapaopaernoif,
470 452 528 517 pro
551 431 626 511 isto,
653 432 701 494 nal
728 430 807 517 ἔλεγε
832 436 926 495 τοῦτον
949 429 1014 511 tiraq
1038 430 1084 495 τὸν

52 542 130 593 orara
171 564 179 580 .

99 543 225 667 luetorlrea
238 600 320 666 illud
332 600 373 677 τ1ς
387 601 420 667 in
436 601 548 681 verbis,
562 600 603 677 τ1ς
615 609 630 681 ἡ
644 601 716 687 θύρα
729 606 765 664 rai
778 603 868 680 Ἰησὲ,
883 622 940 688 per
952 603 1019 669 arola
1032 628 1085 682 τις,

54 687 172 774 qualis,
193 709 350 773 exponere
374 688 479 768 velim,
503 702 539 751 ut
560 710 636 752 cum
657 688 815 774 responsis
835 688 919 752 beati
939 710 992 752 ma
1060 688 1087 752 's

53 795 107 839 res
129 773 324 859 interrogata
348 776 525 852 conveniat,
550 772 821 860 quemadmodum
847 795 905 860 pro
930 774 999 860 ipsa
1034 796 1086 838 or-

53 858 146 925 mula
158 859 315 923 Eusebius
335 858 368 922 in
383 860 560 923 Demonstr.
576 860 701 947 Evaag.
716 858 869 944 reposuit,
882 858 945 923 τίνα
957 861 1087 945 περὶτοῦ

53 946 147 1022 Ἰησοῦ
163 942 224 1031 ἔχοι
237 942 326 1022 δόξαν.
357 946 400 1010 Et
414 966 499 1022 veru,
512 944 664 1031 quicquid
679 943 783 1008 adhuc
799 944 875 1024 dixi,
891 944 1023 1009 sortasse
1037 946 1087 1010 lo·

54 1051 115 1095 cus
135 1030 182 1096 ita
202 1029 455 1115 interpretandus
477 1044 536 1110 est,
560 1043 597 1094 ut
618 1052 693 1095 cum
715 1030 851 1117 quaesita
871 1045 953 1095 esset
973 1030 1088 1096 Jacobi

56 1114 180 1203 opinio,
196 1115 298 1202 qualis
313 1115 346 1179 h.
359 1138 387 1178 e.
402 1137 474 1179 vera
489 1116 528 1179 an
544 1115 624 1180 falsa
637 1116 732 1180 fuerit
739 1114 824 1202 fides
842 1116 899 1198 (ita
919 1138 979 1180 vox
994 1127 1090 1201 porto

56 1200 157 1267 etiam
170 1200 204 1265 in
219 1201 384 1265 Melitonis
401 1199 490 1264 Clavi
505 1201 684 1289 exponitur)
703 1202 767 1265 sive
780 1201 894 1288 religio
906 1202 992 1280 Jesa,
1005 1202 1090 1267 affir-

56 1299 161 1351 maret
174 1284 240 1362 ille,
255 1286 340 1350 hunc
361 1308 430 1351 esse
452 1300 655 1367 servatorem,
700 1286 751 1351 Cl.
767 1286 892 1352 Ernesti
906 1288 938 1352 in
956 1287 1090 1353 Dissert.

57 1372 111 1437 De
136 1370 201 1437 Usu
225 1370 462 1450 Glossarioram,
483 1393 557 1459 quae
580 1372 712 1436 editioni
738 1371 915 1437 Albertinae
940 1373 1090 1460 Hesychir'

55 1457 224 1543 praemissa
237 1469 297 1535 est,
312 1457 352 1522 ad
367 1458 506 1544 primum
529 1479 622 1521 suum
647 1479 801 1522 canonem
816 1458 887 1524 haec
903 1459 1011 1538 habet,
1025 1467 1046 1498 “
1056 1459 1091 1525 Si

56 1550 81 1583 “
96 1564 163 1629 ego
185 1542 217 1605 in
239 1542 363 1607 Glossis
385 1563 564 1628 ponerem=
593 1543 689 1629 Θῦςα,
715 1545 825 1626 διδαχὴ,
850 1559 972 1609 rectum
996 1557 1091 1609 esset.

58 1627 164 1692 “Sed
185 1627 376 1713 respicerem
398 1627 439 1691 ad
461 1627 533 1691 loca
555 1628 743 1692 Graecorum
766 1628 994 1714 theologorum
1017 1655 1047 1694 v.
1062 1652 1092 1694 c.

58 1720 81 1753 “
95 1711 229 1778 Eusebii
253 1713 287 1777 in
305 1712 393 1776 Hist.
415 1713 503 1776 Eccl.
524 1712 580 1776 ubi
602 1735 666 1776 non
687 1713 786 1776 semel
804 1713 876 1796 θύρα
898 1720 1003 1801 Χςιςοῦ
1020 1716 1090 1798 (ita)

58 1806 82 1839 “
95 1798 140 1863 de
159 1797 304 1863 doctrina
325 1797 506 1861 Christiana
526 1797 675 1861 dicitur.’'
712 1800 786 1861 Hoc
806 1799 851 1862 vir
871 1800 1094 1885 praestantissi-

58 1906 147 1964 mus,
168 1882 226 1947 ubi
246 1883 288 1948 ad
308 1883 350 1947 cl.
371 1881 569 1970 Wesseling.
596 1882 719 1948 Obseru.
734 1885 762 1947 1.
778 1898 827 1948 21.
850 1899 884 1948 et
905 1885 947 1949 cl.
970 1885 1093 1954 Elsoer.

59 1968 172 2036 solea
190 1967 268 2033 orit.
283 1989 315 2055 p.
333 1983 399 2032 121.
416 1969 520 2032 editor
534 1991 592 2032 nos
608 1968 741 2054 relegat.
768 1968 861 2033 Viam
875 1969 1006 2056 quidem
1022 1973 1092 2035 Do·

58 2052 153 2135 mini,
172 2067 269 2140 atque
293 2053 479 2140 simpliciter
500 2053 595 2132 aiom,
614 2058 662 2133 τὴν
684 2056 750 2133 ὁδὸν,
772 2053 951 2120 doctrinam
972 2054 1095 2123 Christi

59 2162 149 2227 saepe
169 2139 321 2226 appellari
337 2139 370 2202 in
388 2140 484 2203 Sacra
504 2140 678 2225 Scriptura,
691 2139 756 2219 alii,
770 2140 826 2204 sed
845 2140 933 2205 aliud
953 2154 1095 2228 agentes,

59 2237 268 2291 monuerunt.
296 2224 551 2310 Wesselingium
563 2246 638 2288 vero
652 2224 743 2289 video
758 2246 898 2304 censere,
912 2242 970 2291 aut
984 2230 1097 2315 Hege-

61 2310 91 2376 οἱ
112 2332 194 2397 pum
214 2310 298 2375 male
312 2311 432 2396 cepisse
447 2309 634 2375 Judaeorum
649 2310 756 2388 verba,
771 2324 828 2376 aut
842 2310 928 2395 θύραν
943 2311 1007 2377 hoc
1022 2313 1096 2379 loco

59 2397 72 2463 i
96 2418 150 2461 ern
163 2417 233 2461 esse
247 2408 344 2484 atque
360 2395 596 2474 cremationem,
612 2395 675 2460 sive
690 2395 935 2480 explicationem

107 2480 174 2546 Sed
194 2480 351 2546 audienda
370 2494 446 2545 sunt
465 2496 630 2566 praeterea,
643 2504 715 2567 quae
732 2480 772 2545 de
786 2481 848 2545 hoc
870 2482 1096 2548 obscurissimo

59 2566 141 2633 loco
160 2566 214 2631 alii
237 2566 368 2655 quidam
391 2567 448 2631 viri
467 2566 656 2646 doctissimi,
670 2581 727 2632 aut
746 2567 862 2645 minus,
877 2582 932 2632 aut
946 2568 1063 2654 magis,
1078 2593 1098 2634 a

63 2652 237 2718 Pearsonio
254 2651 481 2738 discrepantes,
496 2665 688 2716 statuerunt.
733 2653 783 2717 lta
800 2651 886 2716 enim
907 2653 1045 2719 Grabius
1064 2654 1098 2719 in

62 2752 148 2803 tom.
163 2738 197 2802 ii.
213 2736 322 2823 spicil.
338 2737 509 2802 “Difficile
530 2737 611 2816 est,''
635 2737 764 2824 (inquit)
782 2737 983 2823 “explanare
1002 2738 1098 2805 hu'us

63 2831 88 2864 “
103 2822 290 2911 quaestionis
304 2845 452 2888 sensum:
475 2823 501 2887 is
516 2822 612 2901 enim,
624 2845 720 2909 quem
732 2822 879 2887 Valesius
893 2822 933 2887 ad
948 2824 1034 2889 hunc
1043 2764 1098 2890 lo-

10 2955 12 2962 ,
63 2915 88 2950 “
104 2930 181 2973 cum
196 2908 263 2988 dat,
277 2931 296 2973 a
310 2908 476 2995 proposito
490 2909 510 2972 J
512 2908 678 2973 udaeorum
691 2908 813 2973 alienus
827 2908 968 2988 videtur3
986 2923 1099 2996 utpote

64 2994 163 3082 “qui
187 3015 252 3059 non
277 2992 498 3059 desiderabant
520 2993 610 3070 scire,
634 3016 778 3092 quaenam
801 3008 884 3059 esset
904 2995 1100 3062 introductio

65 3086 90 3120 “
104 3101 164 3145 seu
177 3078 314 3144 initiatio
328 3080 359 3143 in
375 3079 565 3166 religionem
581 3078 722 3159 Christi3
744 3078 800 3143 sed
816 3079 935 3164 potius,
952 3081 1028 3167 quid
1043 3083 1100 3146 Ja-

65 3171 90 3205 “
105 3166 209 3230 cobus
220 3163 259 3228 de
270 3166 350 3229 Jesu
363 3164 484 3228 Christi
495 3187 630 3250 persona
641 3178 674 3228 et
685 3163 829 3230 doctrina
842 3164 982 3242 sentiret,
992 3177 1098 3231 utrum

67 3255 90 3291 “
105 3263 194 3315 esset
213 3249 299 3314 bona
321 3251 370 3314 vel
393 3249 487 3315 mala.
508 3316 513 3325 ,
537 3250 628 3314 Sicut
652 3249 737 3312 enim
759 3249 831 3313 duce
852 3249 914 3313 viae
934 3250 967 3314 in
989 3250 1101 3315 divinis

67 3334 240 3422 “aliisque
260 3334 423 3422 scripturis
447 3334 563 3420 saepius
583 3348 813 3413 memorantur,
827 3334 888 3399 alia
907 3334 999 3414 lucis,
1014 3350 1102 3400 tene·

67 3428 92 3462 “
106 3421 239 3487 bramm
253 3420 316 3484 alia
326 3445 337 3500 3
358 3442 432 3499 una,
447 3443 519 3506 quae
541 3420 631 3484 ducit
652 3418 693 3483 ad
713 3420 820 3498 vitam,
833 3420 934 3484 altera
952 3420 994 3485 ad
1013 3444 1101 3487 mor·

67 3512 93 3547 “
107 3518 199 3585 tem3
232 3505 313 3588 (vide
341 3504 492 3569 Menardi
518 3521 552 3570 et
580 3504 733 3569 Cotelerii
761 3519 852 3569 notas
877 3504 919 3569 ad
946 3506 1102 3572 Bamabae

67 3598 92 3632 ‘⁸
107 3591 213 3677 Epist.
236 3592 347 3674 §.18.)
371 3591 418 3655 ita
440 3605 473 3655 et
495 3591 573 3654 duas
592 3602 698 3676 portos
721 3590 785 3654 sive
807 3590 873 3655 duo
896 3591 978 3655 ostia
996 3593 1102 3658 Judaei

68 3684 93 3718 “
110 3676 224 3741 crebro
238 3677 272 3741 in
286 3697 342 3739 ore
357 3675 505 3740 habuisse
520 3675 677 3754 videntur,
690 3675 736 3740 uti
751 3674 913 3762 colligitur
926 3698 965 3741 ex
980 3677 1102 3743 Matth.

68 3768 94 3803 “
109 3761 163 3827 rii.
180 3776 226 3826 13.
241 3777 275 3826 et
288 3783 378 3846 sequ.
392 3762 450 3825 ubi
471 3762 618 3826 Servator
631 3772 756 3845 portam
776 3760 914 3846 amplam
934 3773 963 3826 et
985 3765 1103 3848 spatio-

70 3853 95 3888 “
111 3869 180 3911 sam
202 3846 297 3925 aiom,
319 3868 377 3911 neo
399 3869 463 3910 non
488 3869 528 3910 aa
551 3859 654 3910 astam
676 3857 799 3931 portum
824 3857 852 3911 et
878 3858 998 3911 arctam
1020 3849 1103 3914 viam

69 3940 94 3973 “
111 3930 293 4018 conjungit.
338 3930 378 3996 ld
399 3932 508 4020 itaque
528 3869 634 3995 ludaei
654 3930 714 3996 hac
736 3931 911 4030 quastione
931 3932 1103 4000 intendisse

69 4024 96 4059 “
111 4016 268 4097 videntur,
277 4029 313 4081 ut
322 4019 343 4082 J
345 4016 465 4082 acobus
479 4017 691 4103 profiteretur,
703 4016 857 4116 quidnam
871 4017 932 4104 ipsi
946 4018 1104 4083 videretur

69 4109 98 4143 “
113 4101 156 4167 de
175 4103 256 4167 Jesu
277 4101 421 4182 Christo,
443 4118 550 4167 utrum
573 4101 627 4166 ille
648 4102 743 4167 fuerit
763 4101 877 4170 doctor
897 4102 1047 4182 veritatis,
1063 4127 1103 4169 au

70 4195 97 4229 ‘⁶
112 4186 284 4267 seductor3
302 4208 342 4253 au
356 4187 425 4275 ejus
439 4187 584 4253 doctrina
597 4186 649 4254 vel
662 4186 738 4253 fides
750 4187 784 4253 in
795 4188 902 4278 ipsum
917 4201 1000 4254 esset
1012 4201 1106 4277 porta
