2716 4748
156 288 197 359 it
269 288 507 363 tutiores.
531 298 584 365 iu
604 299 838 388 ouuouir.
860 298 917 365 ur
936 298 1078 366 Amsr.

155 462 199 525 *li
227 460 297 523 ΜΨ
319 468 394 541 itis
420 466 575 555 ὁρμώμενος
597 469 745 547 iussitire,
768 473 808 555 τῷ
830 470 963 556 Κοδρίιτῳ
983 469 1197 556 παραπλησίως

154 542 220 617 νιὲ19
232 548 277 613 *ii
288 544 392 623 'im
403 552 560 639 ἀπολογίαν
576 557 741 637 ἐπιφωνήσας
752 557 900 642 Ἀδριανοῦ,
915 554 1112 618 καταλέλοιπ’
1132 555 1195 619 ori-

154 630 229 715 Qffl
244 630 274 689 it
289 654 327 713 γε
343 636 380 707 'it
397 636 471 721 δεῦρο
486 644 572 728 παρὰ
585 640 713 714 ωλείςοις
728 640 774 703 καὶ
794 647 809 718 ἡ
829 618 924 703 reiron
938 640 1042 740 γραφή.
1078 642 1126 704 Et
1138 662 1195 705 ac·

153 726 225 809 tutto
243 734 284 779 ux
307 716 543 810 Martyrologio
562 726 697 790 Romano
717 725 757 788 ad
776 739 809 788 31
829 724 983 810 Augusti,
1003 746 1036 810 p.
1047 737 1119 788 431.
1140 725 1195 789 ed.

152 794 271 861 tuot.
287 820 340 865 un.
357 811 445 871 1630.
466 808 665 875 luculentum
680 810 720 874 de
734 809 899 895 Apologia
914 810 1026 888 isthac,
1039 808 1090 873 vel
1104 823 1196 875 certe

151 876 194 947 ds
209 880 354 983 Aristide
369 888 451 975 ipso,
467 896 696 974 testimonium,
710 895 797 992 quod
810 895 842 957 in
858 895 998 959 Usuardi
1011 918 1055 981 qu
1101 917 1143 958 ue
1158 916 1194 960 ee

156 960 282 1065 Adouli
296 969 503 1069 Notkerique
522 979 756 1079 Martyrologtis
770 979 906 1043 invenire
923 994 1025 1066 potes.
1090 978 1194 1044 ilenti

153 1061 263 1151 suncti
269 1056 434 1154 Aristidis,
439 1063 509 1149 fide
528 1074 558 1128 et
581 1065 732 1150 supientia
746 1061 932 1133 clarissimi.-
956 1064 1010 1160 qni
1025 1063 1194 1129 Hadriano

153 1134 299 1235 l'rtrtospi
314 1143 352 1207 de
365 1147 514 1235 religione
528 1149 705 1214 Christiano
717 1148 856 1213 uolumen
870 1148 993 1227 obtulit,
1003 1149 1101 1212 nostri
1115 1149 1195 1236 dog-

153 1231 252 1289 uotts
267 1229 426 1297 continens
440 1235 589 1298 rationein
594 1261 606 1314 ,-
621 1246 650 1299 et
665 1236 746 1322 qnod
762 1233 901 1298 Christus
913 1235 1002 1298 Jesns
1017 1232 1099 1297 solus
1113 1244 1195 1298 esset

153 1304 255 1387 Deus,
276 1325 435 1395 proesente
457 1319 520 1402 ipso
547 1321 733 1404 Imperatore
754 1317 992 1382 luculentissime
1020 1319 1192 1403 peroravit.

152 1388 300 1462 Notkeri
337 1402 445 1467 uidem
460 1404 631 1492 Martyrol.
647 1405 754 1482 habet,
770 1404 851 1490 quod
871 1403 1009 1467 Christus
1029 1405 1121 1467 Jesns
1138 1427 1194 1468 ve-

154 1496 210 1541 rus
225 1495 306 1548 esset
356 1498 431 1553 eus.‘
448 1489 511 1553 Sed
525 1490 607 1554 solns
621 1488 852 1576 praeferendum
867 1502 925 1553 est.
955 1490 1004 1552 Ita
1017 1488 1050 1551 in
1065 1489 1099 1550 V
1096 1488 1143 1552 ito
1155 1490 1192 1554 S.

154 1560 264 1650 Porpt
286 1571 327 1634 rii
345 1573 496 1638 Gazensis
510 1587 641 1640 auctore
656 1577 770 1638 Marco
782 1574 949 1638 Diaconos
969 1571 1108 1658 Quidum
1120 1596 1191 1638 nero

157 1591 303 1721 Gentilis
316 1680 386 1722 oum
401 1658 608 1744 adspexissent
622 1658 774 1724 miraculo
810 1681 861 1722 nee
873 1657 958 1722 nolis
970 1657 1193 1741 Deusfecernt

156 1730 494 1835 &f·-·-clomontes,
511 1744 659 1810 Christus
680 1745 767 1809 solus
785 1681 895 1808 Acus:
917 1744 985 1829 ipse
999 1741 1087 1806 solus
1101 1742 1189 1808 vicit.

155 1838 185 1882 c.
196 1822 242 1888 n‘i.
259 1829 290 1909 §.
299 1843 349 1892 20.
378 1830 481 1915 Atqui
495 1830 535 1893 de
549 1843 637 1894 tanta
651 1851 685 1893 re
698 1844 747 1894 est
761 1829 824 1893 hoc
835 1828 1067 1907 testimonium,
1076 1841 1114 1891 ut
1125 1828 1190 1893 alia

154 1922 313 2002 praeterea
337 1914 525 1978 auctoritate
552 1936 634 2001 opus
662 1935 731 1977 esse
753 1914 905 1992 videatur,
929 1926 1099 1999 antequam
1123 1912 1188 1977 hu-

150 1997 299 2075 Jusmodi
315 1999 392 2086 quid
413 2021 471 2084 pro
491 2000 668 2063 certissimo
690 1998 874 2062 habendum
897 1998 948 2061 sit.
985 1999 1188 2087 ¹Quanquam

154 2076 244 2145 euim
259 2084 489 2170 martyrologia
503 2098 577 2148 sunt
591 2085 733 2170 antiqua,
743 2098 777 2149 et
787 2082 962 2148 verisimilis
972 2085 1021 2147 es't
1034 2083 1188 2162 namatio,
1244 2098 1248 2103 '

154 2158 245 2229 haud
266 2168 367 2255 liquet
389 2182 507 2246 tamen,
521 2168 605 2233 unde
620 2179 653 2232 et
667 2191 733 2255 quo
746 2182 894 2254 tempore.
906 2167 975 2231 haec
989 2166 1029 2232 de
1042 2167 1189 2232 Aristide

156 2245 327 2318 Christum
341 2255 449 2319 Deum
471 2276 540 2318 esse
557 2255 722 2339 probante,
735 2253 798 2318 hoc
812 2267 871 2332 est,
886 2251 946 2316 diis
959 2250 1095 2316 ethnicis
1109 2273 1187 2317 eum
1247 2325 1250 2330 ,

156 2354 352 2434 opponente,
362 2339 394 2402 in
406 2339 714 2425 indices'martyrum
728 2339 870 2423 profecta
880 2337 1007 2401 fuerint.
1030 2335 1128 2401 Certe
1137 2338 1187 2401 ni·

155 2417 203 2486 hil
217 2424 402 2512 hujusmodi
413 2424 453 2488 de
464 2425 606 2489 Aristide
616 2423 701 2509 apud
714 2423 863 2495 Rufinum
875 2424 907 2486 in
920 2421 1062 2488 Historia
1073 2421 1186 2486 Eccle-

156 2507 283 2574 siastico
297 2523 394 2589 extat,
407 2531 478 2594 quae
490 2510 628 2594 plurima
638 2507 840 2593 suppeditare
854 2507 976 2571 solebat
990 2507 1185 2594 martyrolo-

155 2592 219 2676 gis.
258 2596 312 2659 Do
326 2594 467 2659 Aristide
482 2607 588 2657 autem
603 2606 636 2656 et
651 2593 817 2682 Quadrato
832 2592 978 2678 religioni
992 2590 1185 2657 Cluistianae

155 2679 377 2744 testimonium
392 2678 538 2742 dantibus
553 2677 702 2763 praeclare
716 2679 938 2742 celeberrimus
950 2674 1135 2741 Addisonus
1150 2677 1186 2745 in

156 2759 269 2828 libello
286 2764 436 2826 adfinem
451 2783 612 2848 nunquam
634 2762 801 2847 perducto,
817 2765 868 2826 De
881 2761 948 2827 Rel.
967 2761 1080 2825 Christ.
1097 2763 1185 2827 Sect.

160 2861 189 2923 1,
203 2862 233 2926 2,
247 2862 278 2912 3.
317 2847 479 2911 Caeterum
504 2847 664 2910 Antonius
689 2848 722 2912 in
748 2847 892 2925 Melissa,
913 2860 947 2911 et
967 2846 1130 2910 Maximus
1150 2847 1184 2911 in

158 2930 336 3016 Exceptis,
350 2931 499 2996 Aristidis
516 2931 681 3081 ⁰¹¹iu⁸dam
699 2933 787 3019 ῥήσεις
804 2931 957 3020 quasdam
971 2929 1184 3013 adduxerunt,
1224 2948 1228 2954 '

159 3018 215 3082 sed
228 3018 307 3082 alius
323 3041 342 3083 a
356 3016 538 3088 Christiano
575 3038 614 3082 oc
629 3017 792 3105 scriptore,
