2716 4748
121 271 184 348 viii
212 209 214 213 i
489 267 798 348 PRAEFATIO.

121 481 206 554 ceps
233 454 442 531 dicendum.
494 456 540 530 ld
567 484 651 530 vero
671 457 751 554 jam
778 457 867 531 olim
892 453 1166 532 communicato

121 604 207 651 curn
233 578 359 652 amicis
384 589 666 678 programmate,
682 581 787 676 quod·
807 580 870 655 hie
894 580 1098 677 subjicitur,
1117 579 1182 685 ad·

121 703 222 776 hunc
239 703 392 777 modurn
410 700 618 778 faciendum
638 703 740 777 duxi.

462 901 821 960 ...Q-..-

167 1069 273 1147 Dum
293 1071 333 1144 in
350 1071 635 1145 Ante-Nicaenis
653 1071 829 1145 Patribus.
839 1070 1067 1170 perlegendis
1085 1095 1164 1143 ver-

118 1195 235 1285 sabar,
245 1195 526 1293 magnam-mihi
545 1221 687 1268 moram
703 1194 844 1267 adferre
863 1195 959 1267 soliti
973 1207 1068 1267 :sunt
1081 1195 1165 1292 plus

117 1317 202 1392 rimi
224 1330 362 1391 veteres
385 1316 601 1415 Scriptores,
619 1317 689 1413 qui.
706 1318 888 1389 breviores
910 1329 1027 1405 erant,
1049 1342 1164 1412 quam

115 1451 160 1515 ut
174 1440 322 1539 prodire
339 1466 501 1513 seorsum
518 1452 681 1538 possent,
698 1452 764 1512 aut
779 1465 938 1536 quorum
958 1439 1164 1535 fragmenta

115 1558 246 1638 multis
269 1589 312 1636 ac
335 1563 443 1637 variis
459 1563 741 1662 locisdispersa
765 1588 965 1657 nunquam,
979 1562 1100 1634 adhuc
1119 1562 1162 1633 in

114 1713 232 1762 unum
249 1689 403 1759 collecta
419 1699 518 1759 sunt
559 1769 562 1775 ¹

119 1848 123 1853 -
166 1809 353 1891 Quoniam
375 1807 610 1883 autemmihi
630 1807 669 1882 in
687 1809 814 1882 animo
829 1809 914 1900 fuit,
932 1821 1071 1882 statum«
1086 1810 1162 1908 pria

114 1958 244 2006 maevae
261 1932 423 2005 ecelesia
444 1943 482 2004 et
502 1932 676 2032 dogmata
692 1945 732 2006 et
748 1957 867 2006 mores
879 1958 931 2005 ex
946 1933 1075 2031 ipsius,
1092 1959 1162 2032 pro

112 2055 286 2129 facultate
303 2059 396 2144 med,
415 2055 634 2153 investigare
656 2056 908 2159 monimentis,
927 2056 1061 2154 scripta
1081 2082 1161 2129 om*

112 2178 176 2252 nia
205 2178 429 2251 sanctiorum
456 2189 620 2251 aetatum·
635 2180 797 2278 legenda.
815 2205 892 2252 esse
912 2181 1056 2253 censui
1107 2179 1161 2252 Et

111 2322 209 2391 vero,
227 2301 330 2397 quod.
354 2300 449 2375 nihil
473 2301 628 2374 omnino
643 2303 683 2375 in
702 2304 772 2376 hoc
789 2328 922 2402 genere
941 2304 1163 2402 praeterrnita·

111 2435 190 2501 tere
209 2424 416 2513 statuerim,
440 2422 479 2496 id
504 2424 707 2522 plurimum
734 2426 943 2499 contulisse·
958 2427 1004 2499 ad
1029 2427 1161 2498 obscu-

112 2548 209 2624 riora
226 2547 396 2645 quoedam
408 2547 543 2620 clarius
561 2548 801 2647 intelligenda
817 2574 914 2648 saepe
931 2569 1014 2622 'sum
1032 2575 1161 2648 erperd

110 2683 210 2744 tus·
236 2670 346 2743 Certe
367 2681 427 2741 tot
448 2669 633 2767 negligere
660 2671 875 2767 Scriptores,
888 2672 1059 2768 quamvis
1077 2692 1160 2743 mu·'

110 2796 236 2869 tilatos
252 2792 425 2882 nimium,
443 2792 542 2864 haud
568 2793 799 2890 oportuisset,
818 2818 975 2891 quornm
994 2795 1161 2890 reliquiae

111 2921 262 3021 pietate,
273 2917 456 3006 doctrina,
474 2916 701 3005 auctoritate,
719 2917 827 2990 nobis
842 2917 1164 2990 commendatissia

99 3068 184 3118 ,mae
203 3054 302 3114 sunt.
344 3040 491 3112 Interea
507 3050 632 3110 tamen
651 3036 785 3137 magna
799 3041 893 3113 mihi
911 3040 1079 3112 molestia
1097 3039 1160 3112 de⁴

110 3166 273 3244 voranda
294 3162 486 3254 fuit,dum
513 3161 624 3234 duces
650 3164 913 3238 secutusviros
937 3165 1078 3256 doctos,
1095 3166 1158 3262 qui

112 3287 432 3386 descriptoribus
448 3285 621 3358 -ecolesiae
650 3311 849 3382 eorumque
878 3288 1050 3385 operi-bus
1075 3314 1161 3386 ege·

110 3430 211 3503 runt,
222 3434 374 3484 sursum
394 3421 434 3480 et
456 3408 626 3480 deorsum
649 3409 885 3498 cursitabam,
904 3407 1081 3505 quicquid
1099 3437 1160 3484 us·
1239 3395 1242 3402 ’

110 3537 210 3636 piarn
233 3535 274 3607 in
299 3531 486 3629 impressis
511 3531 614 3611 libris
631 3543 779 3602 extaret
795 3534 979 3628 germanas
997 3533 1160 3629 antiqui·
1238 3522 1241 3527 ⁸

16 3702 23 3715 ι
111 3647 366 3748 t'stis52sedulo
395 3654 488 3752 pede
517 3653 728 3750 quaer'itans.
780 3649 936 3726 Id-vero
960 3655 1084 3752 ipsum
1110 3683 1160 3728 ne

112 3779 260 3880 aggredi
277 3777 428 3874 quidem
448 3777 540 3849 mihi
559 3777 733 3866 licuisset,
748 3777 822 3855 nisi¹
835 3778 873 3849 in
892 3777 1092 3850 Academia
1103 3780 1159 3851 vi-

111 3917 187 3977 tam
208 3903 401 4000 degerem3
429 3899 522 3972 nihil
545 3911 642 3970 certe
666 3899 879 3994 hujusmodi
904 3900 1002 3972 intra
1025 3927 1160 4000 angus·

110 4029 179 4102 tias
198 4018 430 4098 bibliothecae
448 4021 838 4118 cujusvis'domesticae
855 4023 1059 4096 effecturus.

162 4150 258 4224 Haeo
279 4147 370 4221 dum
394 4147 609 4246 agebantur,
627 4134 707 4220 non·
719 4156 864 4246 poterat
879 4173 962 4231 ,non
985 4147 1157 4246 frequen-
