2716 4748
389 244 603 343 semones
628 272 762 342 arun¹
781 273 1022 363 rosunum.
1178 295 1222 367 u

679 514 731 577 W·
876 500 879 507 ,

230 614 354 725 Propter
371 646 428 704 hoc
447 655 477 704 et
496 646 527 707 iu
551 646 635 709 initio
656 645 888 722 transgressionis
910 645 992 712 Adae,
1014 643 1087 702 sieut
1108 653 1222 702 enarrat

189 752 350 832 Scriptura,
369 774 428 817 non
446 755 540 833 ipsum
557 753 705 849 maledixit
722 753 827 821 Adam,
845 751 895 809 sed
914 759 1036 809 ‘terrum
1052 752 1082 808 in
1101 751 1224 861 operibus

191 856 511 933 quaquemadmodurn
528 876 567 913 nx
587 873 759 919 vacuamus
780 871 903 917 emnam
919 853 970 920 ait,
984 847 1135 935 quoniam
1150 847 1224 935 qui·

190 952 266 1023 dem
287 958 450 1052 transtulit
467 960 557 1031 Deus
578 955 816 1034 maledictum
807 981 842 1029 ιιι
862 973 990 1036 terram,
1010 967 1133 1020 utnon
1149 977 1224 1057 per·

163 1081 350 1140 nseveraret
363 1068 397 1133 in
410 1068 553 1151 homine.
589 1054 865 1136 condemnationem
879 1079 975 1136 autern
990 1069 1225 1169 transgressionis

191 1182 304 1258 accepit
315 1182 404 1238 homo
418 1182 503 1242 taedia
522 1190 551 1246 et
568 1189 712 1239 terrenum
728 1180 854 1239 laborem
869 1181 920 1246 &c
932 1181 982 1240 &a
1025 1164 1092 1242 Hae
1109 1161 1225 1236 Irenaeue

192 1282 373 1340 attuitlibss‘·
347 1303 383 1339 ur.
395 1274 473 1359 qued.
485 1279 533 1372 Op.
546 1300 570 1346 c
580 1281 652 1344 xxiii
663 1283 696 1345 al.
709 1302 733 1338 c.
743 1278 820 1343 xxiv.
831 1303 858 1355 p.
869 1290 930 1339 221.

540 1490 1050 1534 *ψ*”

690 1668 727 1728 V.

236 1796 261 1857 l.
277 1795 526 1861 Quemadmodum
538 1800 633 1858 audivi
644 1803 741 1874 (inquit
749 1803 865 1858 Ireuaeus
874 1800 919 1856 lib.
930 1799 964 1855 iv.
972 1800 1049 1872 ejusd.
1060 1798 1109 1872 Op.
1116 1817 1140 1854 c.
1147 1794 1225 1853 xxvii.

193 1905 287 1959 alalv.
297 1924 324 1977 p.
333 1909 404 1977 263.)
417 1923 434 1960 a
448 1920 580 1960 cuonem
598 1903 815 1969 Prusnrrnno,
829 1901 879 1978 qui
892 1899 1020 1956 audierat
1035 1896 1076 1954 ab
1097 1914 1148 1954 rue
1168 1913 1225 1952 aur
1291 1902 1293 1907 “

144 2008 374 2072 ιοΑιοετοιοι
394 2026 563 2077 vrnananr,
586 2016 615 2064 et
636 2008 671 2065 ab
694 2026 745 2064 urs
768 2023 823 2064 eur
845 2022 1059 2062 nrnrccunur:
1083 1998 1227 2064 sufficere

192 2114 364 2194 veteribus,
378 2114 419 2179 de
439 2115 489 2180 his
510 2138 583 2203 quae
605 2114 673 2179 sine
694 2110 979 2198 consilio'Spiritus
993 2123 1140 2197 egerunt,
1154 2129 1226 2174 eam
1316 2143 1318 2149 ·

193 2246 267 2311 quae
281 2244 320 2288 ex
335 2225 507 2311 Scripturis
521 2237 604 2290 esset
617 2224 862 2311 correptionem.
907 2221 993 2288 Cum
1008 2222 1093 2286 enirn
1109 2221 1228 2288 nonsit

191 2354 401 2420 personarum
416 2350 567 2425 acceptor
581 2339 683 2418 Deus,
698 2361 770 2425 quae
791 2351 866 2404 sunt
887 2360 952 2403 non
965 2336 1142 2403 secundum
1157 2337 1228 2424 ejus

191 2442 347 2529 placitum
377 2445 473 2526 facta,
502 2446 553 2510 his
588 2445 744 2510 inferebat
777 2467 955 2532 congruam
982 2446 1229 2532 eorreptionem.

139 2566 182 2624 ts
192 2555 481 2645 Quemadmodum
497 2557 564 2623 sub
579 2556 696 2637 David,
715 2557 844 2645 quando
858 2560 1140 2645 persequutionem
1156 2558 1229 2645 qui-

192 2665 269 2731 dem
280 2667 460 2753 patiebatur
471 2691 491 2734 a
502 2668 580 2735 Saul
591 2682 722 2757 propter
730 2669 902 2757 justitiam,
911 2683 945 2734 et
956 2670 1078 2756 Regem
1089 2670 1167 2736 Saul
1175 2671 1227 2735 fu·

192 2774 316 2860 giebat,
329 2790 364 2842 et
376 2758 543 2844 inimicum
557 2802 622 2845 non
637 2778 861 2859 ulciscebatur,
874 2791 906 2845 et
922 2778 1044 2845 Christi
1058 2779 1228 2847 adventurn

192 2886 402 2973 psallebat‚et
410 2889 563 2976 sapientia
571 2889 749 2955 instruebat
757 2903 881 2976 gentes,
892 2903 927 2956 et
935 2890 1044 2956 omnia
1052 2891 1229 2958 seeundum

192 2997 363 3063 consilium
378 3000 516 3065 faciebat
529 3000 676 3086 Spiritus,
689 2999 838 3088 placebat
849 3001 936 3065 Deo.
965 3000 1106 3087 Quando
1119 3016 1229 3069 autem

141 3122 326 3196 acpropter
345 3111 639 3197 concupiscentiam
660 3109 730 3197 ipse
750 3109 811 3174 sibi
830 3110 955 3197 aceepit
966 3111 1125 3178 Bersabee
1140 3115 1231 3180 Uriae
1336 3120 1339 3127 '

191 3243 341 3300 uxorem,
357 3219 437 3286 dixit
451 3220 616 3307 Scriptura
630 3220 671 3285 de
686 3241 749 3285 eor
770 3219 939 3309 bNeqaunr
960 3232 1064 3287 nutem
1084 3222 1168 3286 visus
1184 3234 1232 3289 est

192 3353 291 3396 sumo
316 3330 501 3419 quemfecit
515 3332 623 3398 David
641 3332 674 3396 in
695 3331 790 3396 oculis
808 3331 940 3397 Domini
948 3359 970 3412 ,··
982 3345 1016 3398 et
1030 3332 1169 3398 mittitur
1189 3331 1231 3397 ad

192 3463 270 3505 eum
285 3440 419 3505 Nathan
432 3441 602 3530 propheta,
611 3441 781 3508 ostendens
795 3441 825 3506 ei
837 3455 1007 3529 peccatum
1022 3442 1102 3531 ejus,
1111 3455 1149 3509 ut
1162 3442 1232 3531 ipse

192 3549 274 3615 dans
296 3551 486 3628 sententiam
502 3550 543 3615 de
562 3551 745 3638 semetipso,
759 3563 792 3616 et
809 3551 1019 3637 semetipsum
1033 3551 1231 3639 adjudicans,

140 3685 182 3736 25
194 3661 450 3730 misericordiam
471 3676 719 3748 consequeretur
740 3675 774 3728 et
793 3655 1013 3727 remissionem
1033 3666 1054 3726 a
1076 3662 1231 3730 Christo:

193 3775 268 3839 ‘Et
282 3773 366 3838 dixit
380 3771 410 3837 ai
419 3798 430 3834 .-
447 3768 521 3837 Duo
539 3772 600 3836 viri
610 3771 747 3857 fuerunt
762 3770 936 3839 incivitate
955 3793 1030 3851 uno,
1043 3792 1122 3838 unus
1136 3770 1231 3855 dicen
1327 3798 1330 3803 ’

196 3895 228 3950 ol
242 3906 331 3952 *uuus
350 3898 492 3968 pauper.-
515 3881 608 3946 divin·
628 3891 717 3945 erum
737 3902 849 3970 greges
863 3881 965 3948 ovium
985 3893 1016 3948 el
1035 3882 1123 3948 boum
1136 3884 1232 3950 multi

196 3993 299 4074 ualde,
311 4003 341 4058 et
351 3992 484 4079 pauperi
498 3991 580 4058 nibil
593 3991 684 4057 aliud
697 3991 759 4056 nisi
772 3991 891 4058 ovicrdo
903 4015 977 4075 uno,
991 4014 1087 4080 quoru
1101 3992 1231 4059 dolebat

278 4211 290 4237 ⁸
309 4205 373 4255 Gen.
383 4205 417 4258 iii.
430 4213 468 4261 ιγ.
566 4202 579 4240 ⁸
597 4204 680 4268 alleg.
691 4203 725 4256 xi.
735 4212 776 4261 27.
872 4208 885 4240 ⁸
901 4206 986 4270 alleg.
997 4204 1039 4288 xii.
1051 4216 1073 4256 ι.
1084 4218 1150 4266 seqq.
