2716 4748
241 300 295 373 ru
316 302 586 372 concursu
608 284 935 372 successisse
1038 322 1104 396 405

15 466 23 485 ¹
65 463 276 567 quoniamud
289 488 460 564 utramque
476 496 587 541 vocem
606 479 730 563 ἡμερινὰς
748 488 781 542 ct
799 482 951 566 νυκτερινοὶς
966 478 1099 545 referre·

55 569 132 642 ἐιυς
141 576 234 649 puto,
276 566 389 663 Quum
403 574 512 628 autem
526 561 589 627 hoc
608 562 714 647 ipsum
729 563 862 628 verbum
878 565 1023 630 nonnihil
1036 564 1100 629 dif-

63 647 217 733 ficultatis
230 648 356 730 efficiet,
369 649 487 715 addere
498 648 590 713 lubet
603 649 675 712 loca
688 649 851 726 nonnulla,
864 673 936 737 quae
948 673 1052 737 neque
1065 651 1100 715 in

63 734 206 820 vulgatis
226 734 346 813 lexicis,
361 757 465 824 neque
486 735 520 798 in
537 733 686 818 Stephani
702 733 867 801 Thesauro
886 737 1099 816 inveniuntur,

28 898 31 903 ¹
62 818 101 883 in
115 820 233 907 quibus
247 821 345 886 simili
359 820 540 908 significatu
555 820 685 884 obvium
700 833 759 885 est.
795 821 970 887 Herodotus
986 822 1044 887 lib.
1057 822 1103 888 iv.

44 984 47 990 Ι
63 916 145 971 sect}
159 920 225 972 158.
236 907 300 972 ait:
324 909 371 970 καὶ
386 910 432 971 τὸν
447 907 581 979 κάλλιςον
594 911 648 969 τῶν
659 905 760 994 χώραν
776 906 821 971 ἵνα
834 908 969 986 διεξιόντες
984 915 1007 972 oi
1019 908 1098 973 Ἕλ·

63 1001 143 1069 ληνος
157 996 195 1074 μη
211 991 298 1072 ἴδοιεν,
314 992 572 1078 συμμετρησάμενοι
587 994 634 1070 τὴν
649 991 715 1079 ὥρην
728 997 775 1070 τῆς
789 992 896 1078 ἡμέρης,
911 996 1005 1068 νυκτὸς
1019 1021 1100 1081 οταρ-

60 1079 174 1163 ιξῆγον.
205 1078 377 1167 Dionysius
391 1078 558 1144 Halicore.
573 1078 709 1164 Antiqu.
727 1077 784 1142 lib.
798 1079 850 1143 vii.
871 1101 941 1166 cap.
960 1095 1007 1144 ιο.
1022 1082 1099 1146 νυκτὶ

17 1182 31 1208 ““
61 1164 117 1245 μὲν
130 1168 168 1238 εἰς
181 1162 287 1252 ὄρθρον,
303 1165 360 1247 ipsi
372 1192 392 1252 ᾳ
405 1168 432 1228 δὲ
446 1171 481 1239 εἰς
496 1164 581 1228 ου’κτα
594 1169 803 1249 συμμετρεῑθαρ
815 1168 866 1239 τοὶς
880 1165 997 1251 ἐφόδους,
1012 1179 1045 1231 et
1060 1166 1102 1233 de

64 1248 180 1315 admir.
195 1251 224 1314 vi
244 1251 337 1316 dicen
361 1253 372 1316 i
391 1252 423 1315 in
443 1248 616 1317 Demosth.
639 1272 669 1314 c.
690 1265 736 1314 10.
763 1256 776 1313 ὄ
798 1251 884 1338 ῥητωρ
909 1252 971 1327 τοὺς
992 1252 1100 1339 καιροὺς

59 1340 274 1422 ἷινυμμπρεῖτυρ.
320 1337 384 1401 Sed
397 1337 439 1402 de
453 1350 524 1402 toto
538 1335 612 1400 loco
627 1335 681 1402 alii
696 1335 856 1423 judicent,
895 1337 928 1401 ui
946 1360 999 1402 me
1018 1360 1101 1424 prae-
1205 1398 1208 1403 .

61 1432 153 1489 stant
166 1421 310 1521 ingenio.
334 1424 504 1489 Ssnoru.
547 1423 630 1486 Haec
645 1422 774 1508 quidem
797 1360 982 1502 Strollrius3
1005 1438 1102 1510 atque

64 1507 212 1573 similiter
227 1531 297 1594 jam
320 1509 443 1595 pridem
458 1509 504 1573 vir
523 1507 728 1573 doctissimus
747 1509 906 1573 Samuelis
928 1509 1047 1574 Petitus
1067 1511 1103 1575 in
1213 1540 1215 1545 ·

68 1593 143 1658 Var.
159 1593 260 1661 Lecti.
276 1595 321 1659 iii.
335 1608 366 1660 4.
382 1594 556 1681 legendum
570 1593 751 1680 conjecerat
764 1591 846 1680 ὥραις
858 1621 890 1658 τε
903 1593 1039 1682 ἡμερῖναις
1053 1597 1101 1659 καὶ

64 1677 240 1764 νυκτερίναις,
258 1681 406 1768 sejuncta
426 1703 504 1745 voce
525 1680 738 1766 rescipiscere
758 1681 800 1744 ab
820 1677 912 1767 ὥραις.
956 1681 1020 1745 Sed
1041 1704 1101 1767 pro

61 1763 205 1831 lectione
219 1779 358 1853 recepta,
373 1789 472 1853 quam
488 1765 595 1831 Grseci
610 1779 739 1831 tuentur
754 1765 894 1845 codices,
909 1779 943 1831 et
965 1768 1103 1832 Muscu-

61 1847 118 1917 lus
136 1850 294 1938 interpres
313 1868 388 1921 ante
400 1853 566 1919 Valesium
587 1852 752 1937 amplexus
769 1864 830 1931 est,
845 1854 941 1917 verba
958 1854 1103 1939 apprime

62 1934 190 2036 faciunt
214 1939 326 2003 veteris
347 1938 516 2024 cujusdam
541 1937 703 2022 scriptoris
727 1959 747 2001 a
769 1938 871 2038 Beato
891 1938 1048 2038 llbenano
1069 1939 1103 2004 in

37 2022 782 2195 ·iltl‘lltl‘bllillll{bil{silai
795 2024 1104 2195 bilibit?

63 2199 88 2233 “
101 2193 162 2279 ρίας
184 2196 345 2274 Graecam‚
365 2218 463 2282 quam
486 2217 561 2260 curn
583 2194 772 2275 evolverem,
792 2209 1000 2260 occurrerunt
1018 2197 1103 2263 forte

57 2283 87 2319 ·“
101 2280 232 2345 fortuna
246 2282 361 2347 Irenaei
376 2281 481 2362 verba,
496 2304 569 2368 quae
583 2280 741 2344 Eusebius
753 2302 824 2366 cap.
832 2294 881 2345 23.
895 2280 969 2345 libri
981 2305 1008 2346 v.
1024 2281 1104 2347 citat

53 2371 86 2426 .“
103 2365 144 2430 de
161 2365 361 2474 jejuniorum
375 2367 566 2444 diversitate,
581 2366 626 2431 sic
646 2367 760 2430 Graece
778 2366 940 2430 habentia.
962 2367 1041 2447 φησὶν
1061 2367 1102 2432 ὅτι

63 2456 87 2491 “
100 2452 171 2526 τινὲς
185 2480 207 2539 η
221 2455 282 2540 περὶ
295 2459 331 2517 σέ
346 2453 460 2531 νηςεόειν
471 2452 600 2539 διαφόρως
614 2448 784 2537 saginatio,
797 2457 821 2515 oi
831 2453 882 2533 pis
896 2456 954 2539 'peip
968 2452 1035 2535 μίαν
1048 2453 1102 2535 μᾶ-

55 2541 86 2578 ·“
102 2562 146 2614 νην
158 2537 260 2622 ἡμέραν
274 2539 404 2618 ἐνῆςευου,
420 2545 444 2603 οἶ
457 2539 484 2601 δὲ
500 2538 556 2617 δύο,
572 2544 596 2601 ol
610 2538 637 2600 ii
653 2537 700 2600 nal
716 2536 863 2616 πλείονας,
877 2543 901 2601 οἱ
914 2539 941 2602 δὲ
955 2538 1101 2626 τεσσαρά-

61 2629 86 2662 “
101 2648 186 2687 κοντα
200 2622 271 2711 ὥρας
285 2625 369 2708 μόνας
382 2629 507 2712 ἡμερινὰς
521 2625 568 2687 καὶ
585 2621 749 2709 νυκτέςινας,
763 2621 835 2709 ὥραν
854 2624 914 2686 ἀντὶ
933 2621 1035 2709 ἡμέρας
1054 2649 1101 2702 νη-

58 2715 86 2761 -“
101 2707 232 2784 ςεύοντες·
266 2712 313 2773 καὶ
337 2717 415 2774 πᾶσι
445 2709 626 2797 συνιχυιρίῶη
657 2709 859 2796 (συνεχωρήθη)
890 2715 946 2784 τοῖς
970 2709 1101 2795 ἀρχαίοις

63 2799 87 2834 “
101 2793 177 2859 ἔθεσι
189 2796 379 2880 χρήοαῶυρ.”
417 2795 502 2860 Cum
521 2808 628 2860 autem
646 2796 807 2880 exemplar
821 2795 977 2882 ejusdem,
992 2796 1025 2859 ni
1040 2795 1101 2861 fal-

60 2879 125 2957 lor,
154 2881 303 2965 opusculi
326 2883 359 2946 in
385 2881 583 2946 bibliotheca
611 2893 720 2945 nostra
746 2880 922 2945 Bodleiana
950 2881 1102 2963 extiterit,

63 2965 156 3051 quod
169 2966 250 3031 nihil
265 2968 331 3031 fere
345 2968 432 3033 aliud
448 2981 496 3032 est
510 2989 605 3053 quam
621 2966 794 3032 Eusebiani
814 2967 919 3053 operis
940 2968 1101 3054 synopsis,

57 3050 174 3118 locum
189 3051 275 3116 hunc
290 3053 436 3118 nonnihil
449 3053 639 3137 ampliatum
655 3051 708 3121 bic
726 3052 876 3117 exhibere
893 3053 997 3138 potui.
1025 3055 1100 3118 Nu-

62 3159 156 3201 mero
168 3144 265 3203 '2408.
284 3138 337 3202 hic
356 3139 437 3204 liber
456 3140 489 3203 in
511 3137 659 3235 catologo
677 3139 846 3203 MStornrn
872 3139 1016 3223 signatus
1040 3151 1100 3203 est.

63 3221 131 3287 Sed
145 3236 178 3287 et
192 3223 224 3287 in
240 3225 337 3289 veteri
353 3226 403 3288 De
418 3224 522 3288 Gestis
538 3223 669 3288 Consilii
685 3222 885 3288 Ccesasiensis
901 3222 1105 3304 Narratione,

63 3330 139 3393 quse
160 3308 258 3374 Bedae
283 3310 482 3396 temporibus
506 3310 760 3387 vetustiorem,
779 3307 941 3395 jejunium
964 3309 1103 3395 quadra·

60 3393 156 3479 ginta
169 3393 321 3459 horarum
336 3395 381 3461 ita
394 3409 677 3461 commemoratur.
716 3394 899 3472 Orientales,
909 3395 988 3459 sicat
1003 3393 1103 3459 histee

61 3478 115 3543 rio
130 3479 260 3544 Eusebii
278 3481 475 3546 Caesariensis
497 3491 619 3560 narrat,
634 3502 813 3567 parcensque
829 3480 879 3544 die
892 3503 994 3546 mense
1006 3482 1103 3545 Μον-

52 3563 108 3643 ,νὶο
124 3566 357 3650 quartadecima
372 3566 447 3631 ἰιιινο
459 3567 614 3645 evenisset,
626 3566 743 3651 poscito
755 3565 958 3631 celebrabant.
981 3567 1020 3630 In
1030 3567 1102 3631 Ita-

64 3647 111 3713 lia
122 3661 226 3715 autent
237 3651 293 3715 alii
302 3652 408 3735 plenos
420 3652 632 3750 paredroginta
643 3651 908 3735 diesjrjunolont,
918 3651 976 3716 olii
987 3652 1104 3738 trigin-

63 3745 111 3799 ta.
146 3735 217 3801 Alii
231 3737 373 3802 dicebant
388 3748 502 3821 septem
515 3737 631 3816 diebus,
649 3737 682 3801 in
702 3736 812 3824 quidus
825 3738 959 3801 mundus
976 3736 1061 3803 conci
1084 3773 1099 3789 -

53 3820 152 3884 ditur
168 3822 214 3906 (h.
228 3845 258 3885 e.
275 3823 442 3888 absolutus
456 3827 517 3907 est)
534 3823 593 3888 sibi
607 3823 742 3909 sufficew
760 3823 902 3907 ‘ey'unme
928 3822 1011 3900 Alii,
1025 3824 1102 3910 quia

62 3906 220 3972 Dominus
232 3909 446 4006 qrrodroginto
456 3909 529 3988 dies¹
534 3910 712 3993 jejunasset,
723 3847 774 3972 ilii
786 3908 877 3973 liores
910 3909 1102 3996 androginta

61 3991 205 4058 dederent
217 3995 290 4076 (ior.
300 3993 443 4077 debere).
466 3995 503 4058 In
515 3995 640 4059 Baluzii
650 3995 728 4060 Νου.
741 3993 866 4059 Collect.
881 3931 908 4058 S

107 4079 196 4143 Mihi
219 4079 351 4164 quidem
373 4093 497 4146 attento
521 4081 629 4144 animo
650 4079 863 4147 consideranti
885 4080 1021 4145 diversas
1041 4100 1101 4166 pro

61 4175 202 4250 utraque
225 4165 488 4252 interpretatione
509 4166 646 4231 rationes
669 4166 787 4253 quibus
808 4166 946 4231 illustres
966 4165 1023 4229 viri
1048 4164 1101 4252 je·

57 4247 206 4339 junium,
220 4249 270 4318 vel
285 4250 497 4340 quadraginta
511 4250 677 4404 horepum,
692 4252 742 4319 vel
759 4264 873 4320 contra
892 4249 1106 4340 quadraginta

539 4358 564 4410 D
610 4351 629 4401 S

907 3993 998 4060 oncil.
1010 4017 1042 4080 p.
1053 4006 1100 4059 14.
