2716 4748
292 275 346 342 IN
367 271 664 365 QUADRATUM
696 268 752 335 ET
772 267 1036 335 ARISTIDEM.
1134 283 1174 355 77

148 447 217 535 gia.
261 443 407 509 Iudicate
429 456 537 508 tamen
558 441 590 506 id
611 440 708 520 volui,
725 453 761 505 ut
783 440 809 503 si
830 441 913 503 forte
934 439 1104 527 quispiam,
1125 439 1179 505 cui

150 529 447 621 perlustrandorum
460 528 493 592 in
503 527 571 592 aliis
582 525 790 591 Bibliothecis
803 523 963 589 Codicum
976 525 1179 610 Manuscrip-

151 632 262 682 torum
276 615 370 680 datur
384 613 489 700 copia,
505 613 538 676 in
557 612 660 677 dictos
680 611 778 675 libros
798 610 917 675 alicubi
930 611 1060 688 incidat,
1074 610 1107 675 id
1121 611 1181 675 sibi

151 701 278 788 negotii
291 699 422 764 omniuo
437 696 549 763 datum
564 697 654 775 sciat,
668 708 706 760 ut
718 697 766 759 vel
787 696 928 781 integros
943 716 998 761 eos
1013 696 1182 774 describat,

153 800 213 853 aut
226 785 339 851 saltem
352 784 489 849 laudatae
503 782 660 871 Quadrati
671 781 780 867 Apolo
804 782 843 844 iae
857 802 895 844 ac
913 781 1049 844 aliorum
1065 803 1084 845 a
1098 780 1183 845 Pho-

154 870 205 937 tio
227 872 462 935 nominatorum
487 870 626 946 Petrum,
646 888 720 931 nem
822 865 935 930 etiodii
954 866 1125 952 Martyris,
1136 868 1184 930 A·

158 954 306 1031 thanasii,
333 956 431 1019 trium
460 953 523 1017 Gre
547 953 688 1030 ariorum,
714 888 950 1037 diaumatargi,
979 950 1124 1014 Treoua·
1152 963 1186 1016 e't

155 1042 190 1107 E
213 1040 306 1126 iscopi
340 1038 485 1128 Nysseni,
513 976 639 1115 insilii,
666 1036 795 1100 Joannis
825 1036 1041 1122 Chrysostorai‚
1073 1006 1187 1122 &yn-„3

191 1124 368 1193 mandrini
388 1138 421 1189 et
442 1122 547 1187 Procli
571 1121 901 1205 Constantinopolitaai
923 1122 1092 1185 sententias
1114 1121 1188 1185 inde

156 1223 318 1296 excerpat,
343 1223 376 1274 et
399 1210 486 1274 bono
511 1208 642 1293 publico
666 1208 893 1273 communicet.
943 1206 1106 1271 Caeterum
1132 1206 1188 1292 qui

158 1292 434 1383 Martyrologium
459 1294 518 1358 sub
539 1292 693 1357 ementito
715 1292 811 1356 Bedae
837 1291 965 1355 nornine
986 1291 1097 1369 edidit,
1117 1291 1189 1357 brec

159 1380 202 1447 ad
218 1380 305 1445 diem
319 1385 369 1443 26.
383 1378 466 1442 Maii
480 1377 596 1442 habet:
618 1379 651 1441 Λ
672 1377 714 1440 ud
725 1376 866 1441 Athenas
880 1378 921 1439 B.
939 1376 1094 1461 Quadrati
1108 1375 1190 1460 Epi·

160 1465 255 1551 scopi.
300 1464 364 1528 Hic
366 1462 526 1551 firmavit,
540 1475 575 1527 ut
590 1393 678 1528 aaliz
693 1485 760 1526 esca
775 1485 795 1525 a
811 1461 996 1525 Christianae
1013 1462 1191 1545 repudiare·

162 1562 227 1629 tur,
242 1546 493 1637 quoetratioauiis
506 1560 536 1612 et
552 1547 686 1613 iarnana
701 1559 755 1613 est.
792 1547 885 1611 Unde
900 1547 982 1610 forte
996 1547 1110 1633 aliquis
1123 1547 1192 1611 col-

160 1634 265 1723 ligere
324 1646 398 1712 sset,
412 1634 445 1699 in
460 1633 617 1720 Quadrati
631 1633 796 1718 Apologia
816 1632 877 1696 hac
900 1631 940 1696 de
963 1653 995 1696 re
1016 1644 1124 1697 actum
1140 1633 1192 1696 fu·

161 1718 237 1785 isse.
306 1719 348 1783 ed
374 1719 529 1805 suspicor,
551 1719 838 1783 consarcinatorem
861 1719 956 1781 istum
982 1739 1031 1795 ea,
1056 1740 1128 1802 quae
1152 1718 1193 1783 de

161 1802 337 1869 Eleuthero
358 1805 520 1891 Episcopo
542 1806 685 1869 Romano
704 1803 815 1867 eadem
831 1803 882 1866 die
903 1803 937 1867 in
957 1804 1195 1888 Martyrologio

164 1888 313 1953 Romano
327 1887 486 1968 dicuntur,
499 1889 674 1976 improvide
687 1889 729 1954 ad
739 1887 941 1975 Quadratum
953 1888 1112 1953 retulisse:
1126 1887 1196 1952 die·

163 1987 237 2041 tum
264 1973 352 2039 enim
381 1977 498 2062 Papam
528 1975 600 2039 talis
629 1974 791 2060 dogmatis
819 1985 1092 2060 propugnatorem
1119 1974 1197 2039 facit

165 2080 296 2151 quoque
310 2058 512 2140 Anastasius,
526 2060 604 2126 alios
620 2073 658 2127 ut
670 2074 803 2125 taceam.
848 2061 1037 2124 Gnnsrus.

505 2297 860 2336 ...η-φ...-

211 2485 247 2549 Ρ.
257 2495 307 2560 74.
320 2483 343 2549 l.
352 2501 385 2562 9.
396 2481 568 2568 Aristides]
580 2482 732 2561 Additur,
742 2495 822 2548 teste
831 2495 905 2568 post
914 2485 1094 2549 Launoium
1105 2488 1198 2554 Joant

169 2570 310 2647 Dallaeo,
323 2591 384 2639 vox
396 2567 604 2649 Atheniensis,
618 2583 714 2655 prout
731 2569 904 2635 Aristidem
921 2570 1061 2656 appellat
1081 2573 1200 2638 Hiero·

172 2677 301 2743 nymus,
316 2654 367 2718 De
382 2653 467 2718 Viris
481 2652 536 2717 Ili,
549 2653 583 2717 in
597 2654 693 2719 veteri
714 2655 861 2720 Patavina
881 2655 1021 2721 editione
1035 2658 1201 2746 Martyru-

174 2738 250 2827 lugii
265 2739 395 2805 Romani
416 2739 500 2803 circa
518 2761 591 2803 ann.
610 2753 696 2803 1500.
732 2739 849 2804 Deleta
870 2754 978 2805 autem
1000 2742 1072 2806 baec
1093 2743 1204 2808 omnia

174 2837 248 2891 sunt
262 2825 303 2889 de
317 2824 476 2912 Dionysio
490 2823 523 2891 in
537 2823 731 2889 editionibus
749 2825 892 2912 ejusdem
911 2828 1138 2915 martyrologii
1152 2850 1204 2894 re·

175 2909 339 2989 centibu83
367 2932 432 2997 quo
456 2909 601 2987 consilio,
626 2910 754 2975 docebit
781 2911 867 2975 idern
888 2912 1042 2998 Daiiaeus,
1064 2916 1115 2978 De
1140 2915 1204 2979 Usa

177 2995 309 3058 Parrum
325 2994 384 3058 dte.
406 2992 462 3058 lib.
474 2996 501 3058 1.
516 3016 587 3079 cap.
597 2997 637 3059 iv.
652 3017 685 3080 p.
695 3010 746 3074 95,
764 2996 822 3061 &o
958 3005 965 3031 ’-

218 3079 305 3143 lbid.
317 3079 339 3142 l.
352 3094 399 3142 11.
415 3080 624 3165 composuit]
634 3080 736 3143 Addit
749 3081 825 3145 Ado
837 3080 1036 3162 Viennensis,
1049 3084 1107 3168 qui
1118 3106 1203 3148 nono

180 3163 303 3250 scripsit
319 3164 447 3244 saeculo,
459 3165 491 3226 in
506 3165 736 3251 Martyroiogio
753 3187 827 3229 suo:
843 3166 911 3230 Hoc
926 3182 1000 3251 opus
1014 3167 1205 3251 upadAtie·

180 3248 295 3312 aienses
317 3270 432 3312 summo
453 3271 563 3334 genere
580 3253 632 3330 (an
655 3249 801 3333 honore?)
826 3250 946 3330 coitur,
968 3263 997 3314 et
1020 3252 1099 3316 inter
1121 3252 1204 3316 arti-

182 3332 320 3416 quiorurn
348 3346 544 3398 monumenta
576 3334 781 3398 clarissimum
818 3346 947 3414 terretur,
975 3348 1010 3400 ut
1044 3337 1206 3421 peritiores

185 3417 364 3482 Graecorum
378 3418 545 3502 (firmant.
579 3421 701 3483 Verum
716 3421 760 3483 vir
774 3421 815 3485 cl.
828 3422 979 3485 D'Ansse
994 3422 1034 3486 de
1047 3422 1208 3488 Villoison

182 3513 259 3566 tom.
272 3501 306 3566 ii.
321 3503 547 3567 Arrecdotorum
561 3525 593 3588 p.
605 3510 674 3568 264.
696 3527 754 3568 nos
769 3506 906 3584 monuit,
921 3506 1115 3593 Apologiam
1131 3508 1208 3574 Ari-

183 3587 281 3666 stidis,
321 3611 370 3651 uae
406 3609 483 3675 rope
497 3587 640 3651 Athenas
659 3589 692 3652 in
711 3591 903 3654 monasterio
924 3592 1065 3656 Pintelici
1079 3594 1209 3674 montis,

184 3669 279 3737 hodie
298 3608 372 3735 qun
395 3673 448 3752 eli,
475 3672 598 3737 latitare
623 3673 743 3738 credita
772 3676 832 3739 fuit
860 3698 880 3738 a
905 3676 1025 3754 multis,
1050 3678 1211 3744 indicante

186 3755 386 3822 Guillatierio
401 3758 434 3821 in
449 3779 506 3822 sua
518 3758 643 3822 Gallica
651 3758 845 3823 Athenarum
857 3762 1111 3846 Descriptiones
1127 3766 1210 3849 Spo-

185 3842 248 3921 nio,
266 3840 323 3904 sed
343 3842 472 3923 frustra,
487 3843 652 3928 quaesitam
673 3843 770 3908 fuisse
779 3868 789 3924 ;
816 3846 999 3932 relegatque
1012 3847 1210 3912 Villoisonus

185 3924 339 3993 lectorem
363 3927 403 3991 ad
431 3927 541 4014 Sponii
568 3927 777 3993 itinerarium.
822 3933 934 4017 Itaque
960 3933 1119 4016 perierunt
1140 3954 1211 4018 spes

187 4011 310 4089 Grabii‚
319 4012 466 4092 Fabricii,
475 4012 622 4092 aliorum,
632 4036 651 4078 a
662 4015 784 4078 Graecis
796 4016 961 4079 monachis
970 4017 1125 4080 excitatae.
1148 4018 1212 4081 His

185 4094 306 4161 interea
316 4097 418 4163 verbis
431 4099 634 4185 opusculum,
648 4098 688 4163 de
702 4121 768 4185 quo
783 4123 800 4163 a
827 4100 900 4179 itur,
914 4101 1102 4165 memoravit
1113 4104 1214 4166 Ense-

186 4181 256 4248 bius
269 4181 328 4250 lib.
339 4182 380 4251 iv.
395 4203 465 4278 cap.
476 4196 507 4249 3.
521 4182 563 4249 ad
576 4182 629 4250 fin.
642 4185 689 4248 nai
703 4122 851 4272 'Aperite
865 4187 892 4250 δὲ
910 4186 1039 4274 (inquit)
1056 4188 1133 4262 nr5i5
1147 4190 1214 4275 deig
