2716 4748
393 628 964 729 Annosnuonss
1068 754 1072 763 ¹

314 862 376 944 ΙΝ
403 864 727 946 ARISTONEM
755 864 1044 949 PELLAEUM.

544 1144 804 1179 ψ-

206 1340 240 1405 Ρ.
253 1356 304 1420 91.
327 1339 350 1405 l.
366 1358 396 1420 9.
425 1331 554 1425 Λοιδορία
579 1340 668 1424 Θεοῦ]
696 1335 852 1428 Aquilam
872 1353 907 1405 et
933 1338 1199 1409 Theodotionem

152 1424 231 1491 baec
253 1426 367 1491 eodem
390 1426 489 1491 modo
511 1425 699 1505 reddidisse,
714 1448 774 1490 nec
795 1449 859 1491 non
877 1425 1036 1493 Ebionem
1051 1429 1200 1494 Haemi:

151 1512 289 1576 archam
304 1512 546 1598 interpretatum
561 1513 680 1577 fuisses
704 1510 744 1575 in
764 1510 840 1600 ῧὸςις
859 1516 924 1577 (oss
937 1517 951 1576 l
966 1513 1146 1598 κρεμάμενος,
1160 1514 1199 1581 111

159 1611 220 1677 est,
241 1598 317 1686 qnia
338 1598 455 1683 injuria
476 1597 539 1662 Dei
563 1609 610 1662 est
634 1611 807 1681 snspensas,
830 1597 1051 1685 Hieronymus
1072 1599 1198 1667 ibidem

158 1695 306 1747 testatur.
336 1685 438 1769 Atqui
454 1684 523 1747 haec
538 1684 633 1747 verba
647 1682 813 1768 Papiscum
828 1682 940 1749 Jasoni
953 1683 1110 1772 objecisse
1126 1684 1198 1751 ool·

156 1767 227 1868 ligo
249 1789 288 1831 ex
307 1768 494 1833 Tertulliani
511 1768 566 1832 lib.
582 1782 695 1833 contra
709 1767 841 1833 Judaeos
860 1791 931 1855 cap.
948 1782 994 1833 10.
1018 1768 1078 1833 sub
1098 1771 1198 1867 cujus

57 1918 64 1925 ,
150 1868 282 1918 'instrum
303 1853 349 1917 ita
369 1853 501 1918 Judaeos
522 1853 715 1941 alloquitur=
742 1855 794 1919 De
818 1853 904 1918 eeitn
925 1852 1022 1939 plone
1041 1856 1197 1939 passionis

157 1940 222 2023 ejas
236 1938 406 2025 ambigitis,
421 1950 569 2027 negantes
580 1938 755 2024 passionem
769 1940 870 2005 cineis
885 1940 918 2004 in
934 1938 1195 2025 0111111111,μο-

156 2024 304 2104 dicatam,
319 2035 351 2089 et
372 2035 625 2112 argumentantes
648 2024 773 2109 insuper
795 2049 856 2090 non
870 2048 933 2090 esse
947 2025 1141 2105 credendum,
1156 2038 1194 2093 nt

156 2110 199 2174 ad
218 2110 252 2174 id
270 2132 369 2197 genas
383 2111 492 2174 nortis
506 2109 680 2196 exposuerit
695 2112 783 2176 Dens
791 2111 904 2197 filium
917 2133 1018 2191 sunm,
1031 2111 1115 2199 qnod
1127 2112 1195 2197 ipse

155 2195 256 2259 dixit.-
280 2195 585 2261 Moledictnsornnis
600 2196 698 2276 bomo,
711 2195 766 2283 qni
778 2197 924 2282 pependit
939 2196 973 2261 in
986 2195 1082 2285 ligno.
1120 2198 1192 2263 sic-

153 2282 203 2346 uti
231 2304 304 2346 vero
331 2282 545 2347 Tertullianus
574 2282 615 2347 ad
645 2283 727 2347 hanc
753 2282 970 2369 objectionem
996 2282 1117 2348 ibidem
1142 2305 1194 2349 re·

154 2368 310 2454 spondet;
333 2367 494 2515 inteprum
510 2368 756 2432 Deuterononrii
771 2382 907 2446 textum,
922 2390 959 2432 ac
974 2367 1044 2433 haec
1059 2392 1191 2456 quoque

153 2455 311 2519 recitans:
335 2455 397 2517 Mo
408 2454 527 2518 edictus
544 2477 564 2517 α
579 2456 645 2518 Deo
662 2464 707 2517 est
720 2453 818 2517 omnis
834 2453 888 2540 qni
908 2467 1070 2538 snspensas
1081 2454 1191 2540 fuerit

154 2539 187 2602 in
201 2539 296 2627 ligno,
309 2541 367 2603 810.
383 2540 428 2603 ita
441 2540 591 2604 iasonem
606 2539 693 2602 idem
708 2539 821 2603 iecisse
835 2539 1001 2624 probabile
1015 2552 1074 2603 est.
1096 2542 1190 2605 Dum

152 2640 262 2689 autem
274 2647 372 2690 unam
386 2640 483 2710 atque
498 2624 631 2688 alteram
645 2625 774 2688 istarum
779 2671 788 2702 ,
802 2648 872 2710 quae
889 2646 928 2688 ex
939 2625 1100 2689 Aristonis
1117 2626 1189 2690 Pel·

151 2710 205 2774 laei
220 2711 448 2796 Disputatione
466 2723 578 2773 contra
595 2710 615 2774 J
618 2709 726 2774 udaeos
748 2709 895 2795 allegatas
915 2724 1000 2789 sunt,
1016 2712 1190 2776 sententia-

151 2818 223 2860 rum
244 2796 276 2858 in
295 2794 483 2859 Tertulliani
504 2795 586 2859 libro
606 2810 719 2858 contra
738 2794 869 2859 ludaeos
891 2794 1096 2881 deprehendi,
1117 2819 1189 2861 rne-

151 2880 287 2944 moriam
310 2881 407 2944 subiit
430 2901 500 2942 suos
524 2880 597 2943 Afri
618 2880 714 2967 hujus
738 2880 918 2964 Scriptoris,
940 2896 1096 2967 perpetuo
1120 2883 1189 2947 fere

148 2969 293 3045 Veteres,
303 2966 358 3050 qui
373 2981 446 3030 ante
457 2966 563 3050 ipsum
579 2966 779 3051 scripserant,
792 2966 956 3029 imitantis·
982 2966 1019 3030 ld
1035 2967 1122 3052 quod
1138 2969 1189 3034 vel

149 3075 189 3116 ex
204 3053 274 3138 ipso
291 3052 346 3115 illo
363 3065 473 3115 contra
487 3051 618 3116 Judaeos
638 3052 720 3115 libro
736 3067 834 3136 patet,
849 3052 879 3113 111
902 3075 967 3136 quo
989 3052 1128 3137 plurima
1147 3076 1189 3118 ex

148 3140 268 3204 Justini
296 3138 451 3222 Martyris
479 3137 622 3223 Dialogo
648 3159 722 3200 curn
749 3136 924 3221 'lrvphoue
951 3138 1068 3201 Judaeo
1098 3153 1188 3202 tran-

149 3225 284 3310 scripsit.
328 3223 415 3310 Quid
438 3223 464 3286 si
484 3223 584 3309 igitur
604 3223 758 3300 dicamus,
773 3212 890 3308 aliqua,
907 3246 979 3308 quae
993 3224 1025 3286 111
1040 3222 1186 3309 Dialogo

146 3310 209 3374 isto
225 3332 289 3372 non
305 3331 339 3371 re
363 3310 515 3384 criuntur,
531 3331 569 3371 ex
584 3308 814 3393 Disputatione
827 3307 951 3371 Josonr's
968 3307 1139 3372 Christiani
1155 3321 1185 3375 et

147 3395 273 3479 Popisci
285 3331 392 3457 ndat
412 3394 453 3456 ab
474 3394 626 3456 Aristone
649 3392 831 3476 conscripta
851 3414 925 3455 eum
947 3393 1184 3480 deprompsisse

147 3497 180 3545 et
205 3480 337 3544 ulterius
361 3479 569 3542 dilucidasse?
606 3480 799 3555 Gnaeum,
822 3477 863 3540 ad
887 3499 961 3563 pag.
980 3494 1045 3542 132.
1063 3494 1097 3542 et
1111 3493 1183 3546 240.

146 3565 208 3630 vol.
224 3566 256 3629 11.
280 3564 441 3650 spicilegii
462 3567 607 3641 Patrono,
623 3563 679 3627 ubi
701 3563 743 3626 ad
761 3585 837 3649 pag.
855 3578 921 3638 127.
936 3579 968 3627 et
985 3586 1074 3650 seqq.
1092 3565 1184 3651 frag-
1225 3618 1228 3625 ,

145 3665 254 3716 menta
269 3650 366 3736 hujus
383 3649 545 3734 scriptoris
559 3649 703 3733 collegit.

190 3737 273 3800 lbid.
288 3736 310 3799 l.
327 3750 372 3799 18.
397 3736 434 3796 111
462 3734 542 3798 Filio
568 3735 658 3817 lecit]
686 3736 723 3796 ln
748 3733 936 3798 Tertulliani
960 3733 1043 3798 libro
1069 3747 1184 3801 contra

146 3823 285 3886 Praxean
303 3843 372 3906 cap.
384 3835 413 3882 5.
430 3819 550 3883 diversa
572 3841 701 3903 prorsus
722 3818 899 3882 habentur:
922 3818 1024 3883 Alani
1045 3819 1183 3907 quidem,

144 3908 259 3994 inquit,
281 3918 310 3970 et
336 3905 468 3968 Genesin
491 3906 523 3968 in
545 3904 698 3968 Hebraico
722 3905 767 3967 itu
790 3904 943 3988 incipere.-
968 3907 1005 3968 In
1025 3906 1182 3991 prinicipio

144 3992 319 4079 Deusfecit
334 3990 392 4054 sili
401 3989 524 4074 filiam.
569 3992 685 4076 Neque
701 3990 844 4052 Hilarius
859 3992 890 4052 in
906 3990 998 4053 dictis
1013 4013 1181 4056 conamen-

141 4080 229 4144 tariis
245 4077 364 4141 alicubi
381 4077 436 4154 ait,
451 4077 482 4139 111
501 4076 641 4139 Hebraeo
658 4088 800 4139 exstare:
824 4073 940 4160 inpilia
961 4076 1075 4139 crearit
1090 4078 1180 4142 Dens

143 4165 254 4231 coelnnt
266 4175 296 4229 et
309 4174 422 4228 terram
429 4188 442 4240 ,·
456 4161 512 4226 sed
524 4161 593 4225 haec
607 4161 708 4226 solum
723 4160 755 4223 in
767 4160 954 4226 Cornrucnt.
966 4160 1008 4226 ad
1021 4161 1137 4228 Psalnr.
1147 4178 1177 4228 2.
