2716 4748
151 270 233 378 x'xri
525 302 838 380 sacrario.

153 504 233 561 esse
249 477 502 587 videri,'quam
522 516 543 562 e
561 489 701 564 Graecis
727 490 764 562 in
790 512 994 562 sermonem
1018 486 1197 562 Latinum

68 662 70 667 ,
154 611 342 686 muslera.
389 612 557 694 Quorum
576 613 770 685 hominum
789 613 1015 712 argumentis
1032 637 1118 684 cum
1136 613 1202 684 ob-

149 732 251 817 ‚viam
275 734 400 809 ivisset
422 761 578 834 magnus
603 737 831 828 Pearsoniirs,
849 737 947 811 haud
971 749 1096 810 tamen
1119 760 1202 809 suc-

38 858 40 863 ’
153 854 284 928 cubuit
304 854 594 932 adversariorum
620 860 832 957 pertinacia,
856 860 952 932 inter
977 860 1049 931 alia
1072 857 1119 931 de
1143 858 1202 931 in-

154 990 355 1078 terpretum
385 980 549 1077 ejusdem
577 981 748 1080 Origenis
772 983 946 1081 ambigua
971 983 1044 1055 fide
1070 981 1203 1055 mussi·

153 1103 324 1181 tantiurn.
361 1105 489 1177 Postea
507 1130 591 1177 vero
608 1105 686 1203 ipsa
704 1131 850 1202 quoque
869 1106 999 1179 Graeca
1017 1106 1201 1204 Origenis‚

155 1224 346 1324 inquibus
363 1227 535 1300 laudatur
551 1222 710 1302 unus'ex
728 1227 883 1302 duobus‘
897 1230 970 1301 iltis
998 1229 1202 1327 Ignatianis

75 1330 79 1335 ⁴
154 1347 258 1443 iocis,
279 1348 452 1446 idemque
475 1350 587 1422 etiam
611 1377 632 1423 a
658 1348 848 1424 defensore
875 1352 1010 1450 Ignatii
1038 1351 1203 1424 Nourrio

154 1469 243 1544 olim
261 1469 382 1546 ¹ferme
405 1472 632 1564 abdicatusss,
655 1473 804 1550 inuenta
826 1486 863 1546 ct
888 1475 927 1547 in
951 1475 1081 1572 vulgus
1104 1473 1203 1546 edita

155 1607 266 1679 sunt;
293 1607 404 1692 atque
421 1593 510 1668 inde
527 1594 629 1668 crisis
647 1607 703 1668 est
726 1596 912 1669 Pearsonii
930 1596 1124 1694 insigniter
1142 1599 1204 1669 fir·

154 1731 263 1790 mata.
293 1716 346 1791 Et
362 1717 425 1815 qui
444 1718 599 1814 scriptor
616 1716 770 1816 Origeni
786 1718 980 1799 videbatur
995 1744 1074 1790 csse
1092 1718 1204 1816 Igna·

153 1839 241 1929 tius,
255 1839 416 1913 eundem
434 1838 596 1937 profecto
609 1836 767 1912 dicerem
782 1856 931 1939 semper.
940 1840 1032 1912 mihi
1045 1841 1123 1913 fore
1139 1838 1203 1938 lg-

155 1963 311 2052 natium,
330 1962 447 2035 donec
465 1963 537 2034 tela
554 1962 592 2035 in
611 1988 670 2035 eas
688 1963 858 2063 epistolas
875 1989 963 2036 cusa
979 1963 1117 2036 fuerint
1129 1962 1203 2035 for-

154 2085 259 2177 tiora,
278 2111 389 2182 quarn
408 2096 495 2158 sunt
510 2097 633 2158 vetera
648 2085 712 2158 ina
730 2100 794 2159 aut
812 2113 916 2159 nova.
964 2086 1037 2160 Sed
1054 2085 1100 2159 ad
1118 2112 1204 2185 pro·
1260 2181 1263 2189 ,

154 2209 317 2308 positum
335 2234 459 2283 meum
479 2221 659 2306 revertor.¹
697 2209 743 2281 In
762 2210 891 2282 Grabii
908 2209 1061 2283 Schedia
1079 2209 1203 2290 MStis

156 2321 210 2429 (in
226 2333 361 2431 quibus
374 2333 491 2430 posita
503 2348 607 2405 erant
621 2333 699 2430 ipsa
712 2331 773 2404 illa
788 2331 1012 2431 Origcniana
1025 2358 1112 2406 cum
1129 2332 1205 2406 Be·

155 2455 541 2557 nedictino·0rigenis
567 2456 706 2529 editore
731 2456 886 2530 feliciter
911 2456 1202 2552 communicata)

155 2581 273 2654 multa
293 2592 422 2653 extant
446 2580 614 2678 ampliori
633 2579 830 2677 Spicilegio
847 2578 913 2651 SS.
933 2579 1083 2650 Patrnm
1102 2603 1204 2651 com-

156 2700 266 2776 moda
281 2716 320 2774 et
338 2702 455 2790 utilia,
474 2702 538 2775 sed
555 2713 680 2774 tamen
698 2726 814 2800 pauca
836 2701 881 2773 ad
905 2704 1071 2774 auctores
1089 2726 1202 2791 meos,

156 2823 218 2920 qui
245 2823 320 2895 fere
346 2821 526 2921 deperditi
553 2835 653 2911 sunt,
680 2823 894 2921 spectantia,
923 2835 961 2896 et
989 2823 1030 2896 in
1060 2823 1118 2897 his
1145 2826 1203 2897 vel

34 2999 38 3005 -
155 2945 387 3047 paucissima,
406 2971 489 3042 quae
509 2945 675 3019 nondum
692 2948 813 3019 lucem
829 2947 1098 3045 conspexerint.

204 3067 303 3145 -Haeo
324 3069 525 3169 generatim
550 3068 596 3141 de
618 3069 789 3167 operibus
815 3069 854 3141 in
880 3070 1014 3166 q'uibus
1031 3070 1088 3144 vel
1106 3070 1204 3144 indi-

154 3203 299 3284 cantur,
310 3193 367 3265 vei
384 3203 655 3281 conservantur,
668 3203 857 3265 auctorum
877 3193 1059 3289 reliquias}
1078 3220 1204 3292 super-

157 3327 224 3404 est,
244 3327 286 3389 ut
303 3315 481 3389 nonnulla
498 3314 617 3388 dicam
643 3314 688 3387 de
713 3314 889 3387 librorum
916 3314 1203 3414 Exemplaribus

157 3439 363 3543 Scriptis,e
386 3437 520 3534 quibus
544 3438 645 3535 prius
668 3436 767 3509 edita
792 3437 971 3535 corrigere
996 3439 1089 3512 mihi
1116 3465 1205 3512 con-

158 3581 301 3635 cessum
322 3573 389 3635 cst.
443 3560 643 3633 Codicibus
662 3558 748 3633 satis
767 3560 1202 3652 multis‘Oxoniensibus,

151 3685 250 3782 'quin
268 3684 380 3758 etiam
398 3683 490 3773 aliis,
509 3709 596 3755 usus
615 3709 711 3756 sum.
766 3682 973 3757 Reservatis
990 3696 1113 3758 autem
1129 3711 1205 3758 cae·

160 3808 247 3882 teris
274 3807 459 3897 omuibus,
486 3806 605 3879 donec
633 3804 679 3878 ad
704 3818 868 3880 auctores
897 3805 994 3905 ipsos
1022 3809 1105 3905 plus
1133 3806 1205 3881 mi-

160 3957 230 4008 nus
256 3930 342 4004 inde
367 3927 580 4003 emendatos
603 3928 793 4021 devenero,
815 3930 856 4003 in
881 3931 1014 4027 quibus
1036 3930 1205 4005 eminent

200 4121 215 4161 Β
236 4114 374 4189 Apparet.
389 4115 427 4171 ad
441 4113 569 4172 Biblioth.
584 4113 661 4172 Mar.
677 4114 807 4181 Petrum,
822 4130 885 4192 cap.
896 4113 933 4170 ri.
947 4130 1013 4192 pag.
1025 4110 1094 4175 276.
1110 4109 1203 4173 Paris.

163 4233 250 4294 1694.
