2716 4748
154 232 218 299 216
485 233 845 301 ANNOTATIONFS

153 399 306 467 Psalmis:
330 402 412 467 Haec
433 417 482 468 est
504 417 597 490 porta
618 404 764 484 Domini,
780 417 814 469 et
834 404 920 470 Justi
942 402 1107 472 intrabunt
1127 427 1187 493 per

153 508 237 566 eam,
251 498 289 551 ut
308 488 444 574 explicat
461 488 611 554 Clemens
623 490 656 554 in
669 490 726 555 lib.
738 491 779 555 vi.
794 492 968 575 spartarius
1003 491 1047 557 Et
1064 492 1185 558 ostium

153 572 282 660 quidem
304 574 438 639 Joaunis
459 575 612 662 Baptistae
637 587 706 639 erat
730 576 939 663 poenitentia:
963 576 1087 642 Christi
1108 583 1185 643 'vero

151 659 270 724 ostium
293 672 342 723 est
363 660 506 725 remissio
528 673 735 747 peccatorum
752 685 826 749 quae
843 661 880 726 fit
898 683 955 748 per
971 661 1184 749 baptismum.

152 744 361 810 Vanasrus.
405 744 553 810 Christus
569 746 637 832 ipse
652 745 743 826 dixit,
758 747 815 832 ἐγώ
835 752 889 829 εἰμι
909 753 924 825 ἡ
944 746 1016 834 θύρα
1034 747 1096 831 (Jo.
1110 770 1143 813 x.
1154 761 1185 829 7,

151 832 196 912 9.)
213 842 246 894 et
259 829 314 895 illa
327 853 386 895 vox
399 829 439 894 de
455 831 585 896 Christo
605 832 802 918 Apostolicis
825 833 1024 918 temporibus
1046 834 1186 899 maxime

152 915 214 981 fuit
236 929 398 1002 usurpata,
417 915 501 981 unde
524 917 578 982 illa
599 917 787 982 Judaeorum
806 918 847 982 ad
864 919 1024 982 Jacobum
1041 921 1185 1000 Justum,

151 1001 317 1087 ῦσαγῦεῦλον
331 1006 393 1085 ἡμῖν
407 1001 448 1077 τίς
462 1009 476 1078 ἡ
491 1001 563 1090 &ripa
575 1009 623 1066 τοῦ
636 1006 726 1081 Ἰησοῦ
738 1011 777 1067 τῦ
789 1003 984 1091 ςαορονθένσος.
1018 1005 1113 1069 Doce
1127 1027 1185 1071 nos

176 1086 241 1153 uod
261 1087 303 1152 sit
322 1087 443 1152 ostium
458 1089 478 1153 J
480 1111 536 1152 esu
551 1087 702 1169 crucifixi,
717 1102 753 1154 ut
768 1089 865 1154 refert
878 1088 1086 1177 Hegesippus
1098 1090 1185 1177 apud

151 1106 326 1239 husebium
342 1173 398 1237 lib.
412 1173 444 1237 ii.
460 1196 531 1260 cap.
544 1188 593 1238 23.
611 1173 685 1257 (vid.
704 1175 786 1238 infra
804 1175 845 1239 ad
865 1174 921 1240 lin.
940 1189 985 1239 13.
1006 1196 1084 1262 pag.
1099 1178 1181 1259 194.)

152 1260 299 1325 Peurson.
312 1258 410 1323 Vind.
427 1261 455 1322 E
478 1260 528 1323 ist.
543 1258 661 1347 Ignatii
675 1275 758 1346 part.
772 1260 805 1324 ii.
819 1282 894 1360 pag.
909 1275 973 1325 153.
987 1261 1041 1325 fin.
1053 1282 1125 1348 cap.
1139 1277 1184 1327 12.

151 1345 410 1410 aRsautuoro
435 1282 560 1410 allatus.
597 1343 746 1410 Christus
764 1347 848 1410 enim
868 1368 937 1432 rpse
962 1345 1107 1413 dixerat:
1129 1347 1185 1432 ἐγῶ

150 1435 205 1511 εἰμι
220 1437 235 1508 ἡ
249 1429 332 1516 θύρα.
354 1430 523 1496 81110111.
560 1431 644 1496 Quae
665 1431 775 1497 attulit
793 1453 833 1496 ex
854 1432 1025 1496 Pearsonio
1048 1431 1186 1497 Readin-

151 1517 236 1616 gius,
251 1537 289 1581 ea
308 1516 478 1602 scripserat
500 1516 545 1579 vir
565 1538 710 1581 summus
733 1516 865 1581 deloco
887 1516 1058 1603 Ignatiano
1075 1538 1185 1603 agens,

151 1623 185 1666 rn
207 1624 272 1688 quo
296 1601 445 1665 Christus
466 1600 541 1687 θόρον
559 1609 607 1664 τοῦ
628 1604 739 1689 πατρὸς
761 1601 887 1666 dicitur.
932 1602 1032 1665 Porro
1050 1601 1083 1665 in
1102 1603 1186 1669 notis

67 1738 76 1755 .
150 1687 309 1774 postumis
331 1687 372 1751 ad
394 1689 407 1748 l
435 1687 569 1766 natium,
585 1686 691 1772 Epist.
707 1686 749 1750 ud
761 1683 960 1770 Philadelph.
975 1688 1006 1769 ξ.
1017 1704 1050 1765 9.
1072 1689 1186 1753 cadem

151 1771 271 1858 posuit,
294 1772 357 1836 hoc
384 1707 524 1858 adjecto,
545 1779 567 1811 “
583 1773 657 1859 lpse
681 1773 806 1859 estqui
828 1772 930 1858 aperit
954 1771 1067 1836 ostium
1089 1773 1186 1841 verbi,

152 1863 175 1896 “
189 1873 207 1921 2
220 1856 297 1922 Cor.
313 1857 345 1920 ii.
364 1872 409 1918 12.
435 1856 563 1922 Coloss.
577 1857 617 1921 iv.
631 1872 662 1922 3.
682 1860 788 1944 Apoc.
804 1857 849 1923 iii.
865 1871 894 1922 8.
917 1857 991 1944 θύρα
1004 1863 1053 1934 τῆς
1068 1857 1186 1939 minag,

152 1949 175 1982 “
189 1943 265 2007 Act.
281 1942 341 2006 xiv.
355 1942 426 2016 27.''
457 1944 508 2006 Ita
524 1943 720 2008 Pearsonius.
751 1945 795 2008 Et
808 1964 882 2008 vero
896 1943 1122 2030 responsiones
1133 1946 1188 2012 Ja-

151 2028 236 2094 cobo
255 2027 308 2091 hic
329 2041 362 2090 et
382 2026 464 2090 infra
484 2027 657 2106 attributa,
672 2029 718 2092 ita
736 2051 769 2093 se
791 2028 908 2093 habere
922 2029 1082 2107 videntur,
1097 2031 1187 2116 quasi

151 2115 246 2179 Jesus
260 2113 328 2199 ipse
342 2118 357 2189 ἡ
371 2111 443 2197 θύρα
456 2118 492 2175 τῦ
511 2115 590 2191 Ἰησέ
607 2113 644 2176 iis
658 2112 738 2178 locis
752 2113 941 2201 appelletur.
985 2113 1186 2181 Sciscitanti·

150 2200 212 2272 bus
226 2200 313 2264 enim
323 2199 343 2265 J
347 2198 458 2277 udaeis,
468 2197 510 2272 τίς
523 2205 538 2275 ἡ
552 2198 624 2286 δῦρο
635 2206 684 2262 τοῦ
698 2201 788 2279 Ἰησῦ,
801 2199 971 2286 respondet
984 2199 1031 2264 vir
1045 2214 1186 2284 sanctus,

151 2291 234 2350 τῦτον
256 2285 320 2363 eluar
341 2289 463 2371 σωτῆρα.
502 2285 575 2348 11110
596 2284 771 2370 posteriore
792 2299 939 2372 tempore
964 2284 1069 2350 eidem
1097 2309 1186 2396 ‹pure-

152 2372 248 2436 stlonl
262 2370 391 2456 regerit,
405 2370 433 2432 ri
451 2397 486 2451 με
509 2373 659 2453 impetrire
678 2371 746 2456 περὶ
766 2374 856 2447 Ἰησοῦ
870 2375 907 2434 τῦ
920 2377 964 2434 viri
977 2377 1015 2433 τῦ
1030 2374 1185 2458 ἄνθρωπον,

152 2459 200 2520 καὶ
214 2458 295 2531 ariri,
312 2456 431 2532 κῦδητον
445 2456 504 2519 dcc.
549 2457 600 2519 Ita
620 2456 652 2518 ln
676 2455 765 2520 Clavi
787 2457 841 2520 illa
862 2456 1034 2542 Scriptura?
1056 2457 1187 2541 inedita,

151 2543 244 2630 cujus
259 2557 333 2607 ante
347 2541 542 2604 mentionem
559 2541 619 2604 leci
633 2541 674 2604 ad
688 2558 763 2628 pag.
780 2557 844 2606 132.
866 2542 1019 2606 Melitoni
1038 2543 1121 2607 ascri
1145 2558 1187 2626 ta,

151 2630 468 2715 interpretamentum
492 2626 554 2690 hoc
577 2640 685 2690 extat:
720 2630 827 2705 Porto,
855 2628 1006 2706 Christus,
1031 2627 1082 2692 vel
1090 2565 1187 2714 siges.

153 2717 192 2779 In
209 2712 357 2789 Psalmo,-
386 2713 579 2796 Receperat
602 2711 742 2793 Domini,
761 2713 846 2797 justi
868 2713 1029 2777 intrahunt
1053 2713 1086 2777 in
1109 2737 1187 2780 eom.

153 2803 196 2863 Et
217 2796 432 2863 Tertullianus
454 2819 583 2882 quoque
605 2796 660 2860 lib.
676 2797 720 2861 iii.
743 2799 813 2862 odo.
836 2799 994 2864 Marcion.
1018 2799 1188 2864 Christum

155 2883 304 2969 templum
322 2882 381 2945 Dei
399 2892 429 2945 et
450 2894 574 2968 portam
590 2882 717 2946 eandm
736 2906 804 2948 esse
825 2885 914 2948 dicit.
958 2887 1069 2949 Potest
1088 2884 1190 2971 igitur

154 2969 288 3056 phrasis,
301 2968 354 3031 cui
376 2969 490 3031 Graeca
512 2967 583 3032 haec
607 2969 810 3053 respondent,
828 2970 950 3034 Judaeis
972 2970 1115 3035 extitisse
1140 2971 1188 3035 at-

155 3076 218 3141 que
240 3051 587 3117 Hebraeo-Christianis
612 3054 795 3133 familiaris,
818 3069 914 3140 prout
928 3078 1036 3118 nomeu
1052 3055 1116 3118 Dei
1130 3078 1190 3141 pro

155 3142 228 3206 Deo
247 3141 316 3227 ipso
337 3139 368 3203 in
388 3140 421 3202 S.
437 3139 600 3225 Scriptura
619 3141 734 3224 saepius
752 3140 894 3204 adhiberi
916 3140 1043 3204 dicitur.
1090 3143 1191 3206 Porro

154 3227 242 3291 haud
252 3224 467 3290 omittendum
482 3224 614 3303 videtur,
626 3225 769 3290 attulisse
784 3226 963 3312 Hegesippi
978 3225 1064 3290 hunc
1077 3225 1191 3292 locum

155 3313 331 3376 Eusebium
354 3311 386 3374 in
408 3310 463 3373 lib.
479 3311 523 3373 iii.
547 3311 724 3374 Βοῦν-011111.
747 3313 871 3399 Evong.
889 3333 959 3397 cap.
976 3326 1006 3393 7.
1026 3326 1124 3397 atque
1146 3312 1192 3376 ibi

155 3398 385 3482 interrogatum
403 3418 471 3459 esse
485 3397 655 3473 Jacobum,
668 3395 730 3457 τίνοι
749 3398 816 3482 περὶ
836 3404 884 3459 τοῦ
905 3400 995 3473 Ἰησοῦ
1017 3396 1031 3421 ”
1054 3423 1077 3459 οι
1099 3397 1191 3478 δόξαν,

179 3505 215 3546 10
231 3482 304 3560 illis,
319 3481 360 3555 τίς
379 3489 393 3558 η
414 3481 488 3568 θόρον
502 3488 549 3544 τοῦ
563 3485 653 3558 Ἰησοῦ
662 3505 672 3559 3
696 3482 746 3544 lbi
762 3504 834 3545 vero
849 3481 982 3545 historia
1002 3483 1042 3545 tri
1066 3504 1104 3545 us
1120 3506 1192 3547 ver-

154 3505 216 3646 lis,
231 3581 268 3632 ut
281 3567 326 3631 ita
340 3566 458 3644 dicam,
473 3580 627 3644 narratur,
641 3567 688 3628 vel
702 3567 807 3650 potius
822 3566 990 3631 indicatur.
1020 3565 1144 3632 Confer
1158 3582 1193 3634 et

159 3652 419 3718 commentorium
434 3652 546 3716 Rerum
560 3651 668 3715 Jacoti
682 3650 802 3716 Fratris
815 3652 944 3716 Domini
956 3675 975 3716 a
990 3651 1192 3720 combefisio

156 3739 190 3804 in
207 3738 354 3803 Auctoris
378 3761 436 3802 suo
454 3740 519 3801 PP.
536 3738 631 3801 Paris.
649 3743 734 3813 1672.
749 3738 848 3816 edito,
862 3738 903 3801 ad
921 3759 996 3823 pag.
1010 3752 1079 3801 525.
1096 3739 1192 3825 cujus

156 3825 379 3890 commentarii
394 3826 504 3887 auc'tor
518 3822 755 3908 Metaphrastes
769 3837 915 3887 censetur
929 3823 1038 3886 fuisse.
1063 3824 1124 3885 Kal
1138 3823 1193 3906 με’-

157 3936 205 3973 σον
223 3910 351 3995 (inquit)
370 3912 471 3972 ἑαυτῶν
484 3906 668 3983 ararathes,
687 3911 732 3971 τὸν
746 3908 873 3986 Δίκαιον,
888 3908 998 3995 ἄρνησιν
1018 3913 1066 3984 τῆς
1084 3913 1122 3983 εἰς
1144 3913 1192 3973 τὸν

157 3997 260 4085 Χςνςόν
273 3992 379 4067 σνῖςεως
400 3995 442 4056 hrt
464 3994 571 4068 παντὸς
584 4001 632 4057 τοῦ
646 4002 715 4057 λαοῦ
731 3992 838 4078 ἐξῄτουν
852 3996 943 4073 αὐτὸν,
958 3995 1006 4056 καὶ
1019 3996 1091 4080 παρ’
1104 3998 1193 4058 αὐτοῦ

157 4082 346 4158 ἐπυνθάνοντο,
359 4079 400 4154 τίς
423 4084 478 4150 ὲςνν
499 4086 514 4156 ἡ
534 4079 606 4166 δῦρο
624 4087 673 4143 τοῦ
691 4083 793 4158 Ἰησοῦ,
813 4084 826 4141 ὁ
846 4079 1065 4142 δὲ-ῦνκοιίαν
1080 4080 1128 4141 nal
1143 4084 1192 4157 τὴν

158 4168 243 4251 φώνην
264 4166 379 4230 δίδωσιν·
403 4164 493 4239 Οὗτός
513 4166 565 4244 ἐςν,
580 4165 680 4253 λέγων,
697 4166 777 4240 iulis
794 4171 842 4228 τοῦ
861 4169 935 4230 Θεοῦ
954 4167 1061 4241 Ἰησοῦς
1075 4165 1192 4251 Χρνςός.
