2716 4748
176 321 241 400 '40⁶
525 306 896 384 ANNOTATIONES¹

180 487 317 565 dierum,
329 486 490 551 adstruere
504 488 619 566 solent,
630 488 773 552 horumne
786 487 865 553 illud
875 487 917 551 ab
930 487 1056 553 lrenaeo
1066 484 1218 575 designa?

180 590 251 639 tum
266 574 374 650 luisse,
390 594 575 659 persuasum
591 588 650 638 est.
694 575 747 638 Ne
770 596 809 638 ue
824 588 930 638 tamen
944 572 988 637 de
1007 594 1075 637 uno
1092 571 1214 660 jejunio

180 659 392 747 quadraginta
406 658 558 723 horarum
579 661 610 723 in
632 596 964 724 sancrahebdomada
978 658 1151 723 observato
1163 658 1214 723 hie

180 747 235 831 agi
248 766 374 824 censeo,
386 744 442 808 sed
456 746 590 809 modum
605 746 714 832 potius
728 759 762 809 et
775 746 913 809 formam
922 743 1097 844 jejunandi
1110 758 1215 808 osten·

180 832 227 911 di,
251 831 291 897 de
313 852 378 915 quo
400 852 477 895 mox
498 830 588 895 infra.
633 831 713 895 Silet
734 831 819 895 enim
841 831 1016 917 antiquitas
1039 829 1084 895 de
1107 829 1216 917 hujus·

181 916 270 981 modi
281 916 408 1003 jejunio
418 930 536 980 sanctae
547 915 759 981 hebdomadae
774 917 915 1002 proprio,
928 917 953 979 si
965 915 1070 980 modo
1082 916 1216 1002 excipias

181 1024 256 1066 cum
273 1001 369 1089 hujus
382 1002 446 1065 loci
459 1002 775 1089 interpretamentum
787 1025 807 1065 a
819 1003 973 1067 Rhenano
988 1013 1219 1078 memoratum,

180 1086 271 1175 quod
286 1088 417 1175 quidem
432 1110 450 1151 a
463 1088 593 1152 Valesio
608 1088 709 1153 risum
724 1088 832 1165 fuisse,
848 1110 912 1152 non
932 1088 965 1152 in
987 1087 1093 1151 dubio
1116 1100 1217 1170 potest

180 1194 263 1251 esse,
275 1185 344 1235 tum
360 1173 454 1237 verba
469 1173 669 1238 Narrationis
682 1174 719 1237 de
735 1173 865 1237 Consilii
882 1171 1090 1238 Coesaumrsis
1108 1170 1216 1251 Gestis,

180 1258 222 1324 ad
243 1258 392 1334 eundem,
416 1259 448 1322 ni
469 1259 575 1339 fallor,
595 1260 703 1323 locum
732 1261 917 1346 spectantia,
939 1282 1014 1345 quae
1036 1279 1117 1322 vero
1139 1278 1217 1323 nunc

180 1344 321 1430 primum
335 1344 375 1407 in
383 1345 444 1409 hac
460 1367 557 1409 causa
571 1344 709 1410 adducta
729 1361 824 1422 sunt3
846 1345 900 1410 illa
919 1345 1007 1409 enirn
1027 1343 1218 1411 Tertulliani

181 1430 223 1494 de
244 1430 355 1495 diebus
376 1430 485 1517 quidus
503 1430 627 1495 allatus
647 1442 692 1495 est
712 1446 839 1515 sponsus
853 1431 880 1496 si
894 1430 966 1518 quis
983 1430 1050 1496 huc
1066 1428 1217 1508 attulerit,

180 1516 394 1603 quaestiouem
409 1517 503 1580 istam
518 1538 582 1580 non
597 1516 756 1581 decident.

229 1605 356 1667 Interea
367 1602 454 1667 haud
468 1616 553 1667 recte
567 1603 628 1667 sibi
641 1602 766 1687 colligit
779 1602 938 1677 Valesius,
949 1603 1135 1667 necessario
1144 1623 1219 1667 con·

181 1689 285 1776 sequi,
299 1712 355 1752 eos
370 1689 424 1775 qui
440 1689 652 1775 quadraginta
674 1687 738 1752 dies
754 1688 956 1776 jejunabant,
975 1701 1049 1753 toto
1067 1688 1128 1753 illo
1141 1702 1216 1753 tem·

181 1796 261 1860 pore
275 1775 354 1838 nihil
373 1796 502 1860 prorsus
523 1774 691 1838 comedere
710 1776 863 1873 potuisse,
877 1794 917 1838 eo
932 1773 1021 1859 quod
1042 1773 1143 1838 horas
1156 1786 1215 1837 tam

181 1874 356 1924 nocturnas
371 1881 467 1946 quam
484 1860 611 1925 diurnas
623 1859 748 1947 jejumo
763 1859 963 1945 deputarent.
999 1861 1080 1924 Hoc
1095 1858 1215 1946 quidem

181 1958 379 2030 sequeretur,
391 1946 417 2007 si
429 1945 579 2008 omnibus
592 1945 844 2032 quadragesimae
855 1944 967 2011 diebus
979 1946 1214 2031 superpositum

181 2028 307 2094 fuisset.
329 2028 404 2107 Sed,
414 2044 585 2115 antequam
597 2030 745 2095 Valesius
757 2030 892 2117 scripsit,
902 2030 1091 2095 ostenderat
1103 2030 1214 2094 Petitur

181 2114 266 2180 libro
279 2115 378 2179 modo
393 2114 534 2194 laudam,
544 2115 586 2179 ad
597 2137 672 2215 pag.
686 2117 790 2216 operis
802 2131 852 2196 92,
864 2138 928 2181 non
940 2115 1087 2181 omnibus
1099 2116 1214 2192 diebus,

181 2201 241 2267 sed
251 2200 445 2289 quibusdam
457 2216 583 2265 tantum
596 2216 678 2266 rntra
689 2203 757 2266 dres
769 2202 840 2266 illos
850 2200 1066 2288 quadraginta
1079 2224 1214 2289 quacun·

182 2310 246 2375 que
256 2287 380 2352 ratione
389 2288 537 2351 homines
542 2287 721 2375 jejunasse3
735 2289 851 2374 probat
861 2288 945 2351 enim
956 2289 1004 2352 vir
1013 2286 1214 2352 doctissimus

178 2373 340 2462 jejunium
366 2396 503 2437 servasse
530 2373 806 2461 quadragesimale
831 2375 995 2437 Romanos
1019 2374 1214 2458 temporibus

181 2459 360 2546 Augustini
376 2481 413 2522 ac
428 2460 546 2523 Leonis
567 2461 682 2544 Magni
699 2474 762 2524 tres
777 2473 903 2522 tanturn
917 2459 1012 2522 ferias
1027 2459 1165 2544 singulis
1178 2458 1213 2522 il-

181 2546 222 2612 lis
238 2545 448 2609 hebdomadis
463 2546 504 2609 ad
519 2546 693 2609 maximum
705 2544 893 2631 jejunando.
938 2546 1012 2608 lmo
1027 2545 1215 2630 Beveregius

181 2633 337 2696 Annotat.
356 2632 387 2694 in
407 2633 543 2695 Uonones
559 2633 669 2715 Apost.
689 2631 763 2694 lxix.
786 2652 861 2715 pag.
878 2643 927 2694 34.
949 2653 969 2692 a
990 2632 1213 2694 Rusorusro

181 2718 224 2780 ad
239 2717 337 2780 imam
354 2738 427 2801 pag.
441 2731 509 2792 247.
524 2718 654 2780 Eusebii
669 2717 718 2779 sui
733 2717 856 2801 positus
871 2715 1002 2780 Valesio
1023 2715 1071 2779 ita
1089 2738 1214 2800 respon-

182 2802 257 2879 det3
288 2810 309 2840 “
326 2804 364 2864 ln
386 2802 517 2887 jejuniis
543 2802 751 2880 celebrandis,
777 2802 951 2886 praesertim
978 2801 1043 2864 hoc
1069 2801 1215 2887 paschali,

182 2894 205 2924 “
219 2909 284 2948 non
299 2887 338 2947 ab
354 2888 442 2948 omni
457 2910 585 2971 prorsus
601 2888 763 2965 alimento,
776 2902 813 2950 ut
826 2888 943 2972 cuique
958 2900 1076 2950 notum
1091 2901 1150 2965 est,
1165 2886 1216 2949 sed

183 2978 206 3011 “
221 2994 240 3033 a
253 2971 401 3033 carnibus
420 2984 556 3048 tantum,
570 2973 618 3036 vel
640 2974 708 3036 aliis
731 2972 1049 3036 fortassenonnullis
1073 2973 1214 3036 ciborum

182 3057 392 3142 “generibus
415 3057 628 3135 abstinebant,
653 3073 685 3122 at
710 3059 838 3144 reliquis
861 3058 944 3122 vesci
963 3058 1095 3121 licebat.
1145 3060 1215 3124 Hoc

181 3143 351 3228 “egregie
372 3143 579 3206 confirmatur
600 3167 639 3208 ex
662 3144 787 3208 Concil.
810 3143 911 3208 Laod.
936 3144 1017 3207 Can.
1038 3144 1112 3207 50.''
1157 3141 1215 3206 Sed

182 3252 292 3293 rursus
323 3229 497 3314 Beveregio
523 3229 682 3293 Thomam
709 3231 859 3314 lttigium
881 3229 972 3293 video
997 3229 1216 3293 inconstantiae

182 3329 291 3379 notam
319 3314 498 3379 inurentem
524 3316 557 3378 in
584 3317 716 3378 Dissert.
742 3317 792 3378 De
820 3314 1060 3393 Hoerest'orclris,
1086 3329 1163 3379 sect.
1184 3314 1214 3377 ii.

181 3422 252 3485 cap,
267 3415 313 3462 13.
336 3402 365 3480 ξ.
379 3419 408 3478 9.
435 3401 561 3464 “Dicit
586 3402 714 3487 quidem
739 3402 931 3486 Beveregius
955 3401 1012 3463 lib.
1031 3401 1077 3464 iii.
1100 3423 1171 3486 cap.
1190 3414 1216 3475 7.

183 3491 205 3523 ‘⁶
223 3488 299 3548 Can.
315 3488 424 3568 Apost.
440 3509 472 3572 p.
485 3499 554 3564 397.
572 3510 635 3550 non
652 3487 738 3550 omni
753 3487 827 3550 cibo
843 3509 900 3571 per
914 3485 1129 3571 quadraginta
1149 3487 1217 3550 illos

182 3577 205 3611 “
219 3572 285 3634 dies
301 3571 500 3636 Christianos
519 3573 719 3651 abstinuisse,
735 3574 792 3637 sed
808 3573 971 3659 jejunasse
986 3575 1218 3656 ξηροφαγοῦντας,

183 3663 206 3696 “
220 3669 253 3721 et
271 3679 352 3742 pane
373 3672 497 3722 tantum
513 3681 586 3721 cum
604 3658 668 3721 sale
683 3674 716 3722 et
731 3680 815 3744 aqua
830 3672 967 3721 utentes
1014 3659 1133 3721 Postea
1148 3679 1217 3720 vero

971 3741 1131 3827 'ejunium
1149 3764 1219 3827 pro-

184 3835 206 3868 “
222 3831 288 3914 prie
307 3852 372 3891 uon
393 3829 588 3892 celebratum
605 3830 660 3892 sed
675 3829 816 3893 solutum
831 3829 940 3913 potius
971 3829 1065 3905 uisse,
1081 3828 1141 3890 ‘Si
1159 3827 1217 3912 igi-

184 3922 273 3978 “tur
293 3937 349 3998 per
369 3914 596 3999 xerophagiam
616 3913 774 4000 jejunium
795 3915 938 3978 solutum
954 3913 1037 3990 fuit:
1055 3912 1218 3999 quomodo

184 4008 279 4086 “per
299 3999 512 4084 quadraginta
533 4000 599 4062 dies
623 4000 709 4062 horis
727 3999 847 4063 diurnis
867 4000 983 4084 pariter
1003 4012 1036 4061 et
1057 4000 1219 4061 nocturnis

184 4095 207 4126 “
223 4109 280 4170 pro
296 4087 346 4148 dic
358 4086 551 4169 computatis
561 4085 707 4171 jejunare
719 4098 892 4168 potuerunt
904 4084 1121 4147 Christiani?’'
1140 4086 1220 4146 Haec

186 4173 325 4255 lttigius.
363 4173 403 4232 Et
418 4171 532 4255 cuique
546 4194 607 4232 non
621 4192 694 4234 cum
706 4171 882 4256 Beveregio
894 4170 934 4232 de
945 4169 1073 4256 jejunio
1086 4169 1221 4255 quadra-

184 4257 275 4345 ginta
285 4257 408 4321 dierum
421 4255 473 4320 hic
485 4255 538 4342 agi
550 4255 754 4336 existimanti,
764 4256 869 4344 ipsum
885 4255 976 4336 illud,
989 4254 1081 4323 horas
1094 4255 1221 4320 diurnas

183 3749 206 3781 “
221 3765 253 3828 p.
266 3757 335 3820 419.
351 3744 463 3806 asserit
483 3765 540 3828 per
561 3744 721 3829 ejusmodi
737 3743 948 3829 xerophagias
955 3766 979 3890 Η
