2716 4748
197 270 428 338 annosas.
451 271 502 336 m
523 271 770 365 manimius
794 269 964 336 amon.
1030 288 1092 371 ω-

68 452 105 507 ut
131 441 338 520 conscriberet,
364 440 526 506 Melitcnis
552 438 664 503 libram
690 462 811 503 cansam
839 439 898 505 sili
921 439 1092 526 prebuisse

68 536 213 591 testator.
258 529 296 591 ln
314 527 371 591 lib.
385 549 481 613 porro
494 526 533 590 vi.
547 547 616 611 cap.
632 539 676 589 13.
692 525 761 589 baec
776 526 873 590 habet
888 524 971 591 idem
986 526 1090 592 histo·

66 612 152 677 ricus
162 637 173 692 5
196 611 254 691 Kal
272 617 298 675 ἓν
319 618 359 698 τῷ
378 612 455 697 λόγω
475 613 502 674 ii
525 615 594 674 ariri
613 615 653 694 τῷ
674 610 740 696 ampl
761 617 797 675 rai
817 611 910 697 ωάχα
924 611 1090 692 indicabitur

66 702 151 779 ὁμολο
174 702 199 761 si
215 697 378 782 (Clemens
392 677 459 779 Ali)
475 697 539 784 πρὸς
561 705 613 760 τῶν
637 697 749 780 ἑταίρων
773 694 805 772 ἃς
829 697 911 783 ἔτυχε
932 702 1016 786 παρὰ
1036 707 1090 763 τῶν

64 723 193 870 &excisa
206 780 399 871 apertior-ipae
412 781 533 861 ἀκηκοὼς
547 778 713 867 παραδόσεις
731 786 823 868 'ypra
841 786 897 858 τοῖς
912 787 985 864 pirri
998 789 1089 848 ταῦτα

64 870 246 955 wapadoirm·
268 868 402 951 pipinrm
415 869 442 930 δὲ
457 871 483 930 ἐν
501 872 575 953 αὐτῷ
588 867 746 942 Melicerte
760 869 781 954 ’lt
795 811 938 968 blignralou
951 868 1000 932 >tal
1012 894 1090 933 τινων

65 952 174 1043 ἑτέρων,
190 952 224 1019 ὧν
238 955 286 1019 καὶ
300 957 350 1028 τὰς
364 955 498 1040 διηγήσεις
511 951 640 1030 siberni.
674 952 792 1017 Verum
808 968 901 1040 pernt
915 955 986 1040 jam
999 955 1089 1036 olim,

62 1039 175 1124 paucis
196 1039 335 1129 exceptis
356 1039 554 1125 fragmentis,
569 1038 620 1102 bic
643 1037 817 1103 Clementis
838 1039 932 1103 Alex.
952 1039 993 1104 de
1014 1063 1088 1190 ffic-

1056 1148 1090 1190 e.

63 1123 160 1188 cbate
175 1138 337 1189 tractatus.
368 1127 445 1189 Non
460 1139 568 1191 autem
583 1123 717 1187 dubium
732 1139 791 1204 est,
804 1125 882 1210 quin
892 1137 1004 1189 contra

62 1207 173 1275 litonis
195 1210 382 1275 sententiam
402 1208 599 1297 compositus
618 1208 704 1273 idem
719 1208 834 1288 fuerit3
857 1208 990 1274 ecclesia
1002 1211 1089 1276 enim

62 1294 280 1359 Alexandrina
311 1307 391 1359 teste
420 1295 553 1381 epistola
582 1293 719 1358 Concilii
750 1295 963 1374 Caesariensis,
991 1318 1089 1384 quam

61 1379 147 1445 infra
167 1402 206 1445 ex
226 1381 365 1445 Eusebio
382 1381 490 1460 affero,
504 1379 544 1444 de
565 1392 709 1464 tempore
730 1378 888 1465 paschatis
909 1381 1091 1448 celebrandi

62 1465 104 1529 ab
119 1465 246 1529 Asianis
262 1465 476 1531 dissentiebat.
498 1467 580 1530 Tum
592 1487 665 1529 vero
678 1487 752 1529 cum
763 1465 890 1530 Asianis
903 1467 967 1530 suis
980 1467 1039 1532 hac
1049 1467 1089 1532 de

61 1571 97 1614 rc
111 1550 308 1615 consensisse
320 1563 492 1638 utrumque
507 1551 690 1638 episcopum
708 1549 760 1614 hic
775 1564 998 1631 memoratum,
1012 1554 1088 1616 Me·

61 1634 196 1701 litonem
209 1648 250 1717 ,et
270 1636 312 1699 Sa
337 1636 414 1701 arim
430 1651 614 1724 martyrem,
631 1635 714 1699 sicut
735 1634 813 1700 alios
833 1635 971 1700 illustres
993 1637 1089 1718 viros,

62 1720 246 1809 Polycrates
268 1658 446 1807 Epliesinus
466 1722 573 1810 episco
596 1743 634 1784 us
656 1720 688 1783 in
711 1719 856 1805 Epistola
874 1721 915 1785 ad
932 1721 1087 1787 Victorem

60 1804 236 1870 Romanam
253 1806 408 1894 gloriatus
428 1821 489 1872 est.
525 1743 601 1870 vil.
628 1806 708 1869 infra
729 1807 969 1873 Posrcasass
989 1811 1088 1896 Frag-

23 1937 26 1943 -
60 1906 173 1957 menta
184 1890 295 1959 itidem
310 1913 349 1956 ex
363 1892 503 1956 Eusebio
519 1893 697 1977 desumpta.

104 1976 139 2043 P.
153 1990 221 2055 109.
233 1977 256 2041 l.
268 1991 317 2040 23.
339 1979 380 2043 Ti
402 1982 458 2062 γὰρ
481 1978 537 2040 οὐδὲ
559 1976 674 2039 πώποτε
695 1975 834 2062 γενόμενον
850 1976 914 2058 bac]
928 1977 1086 2043 Eusebius

59 2060 238 2147 praemlslt:
260 2063 310 2126 ’Er
323 2064 350 2124 δὲ
361 2065 426 2170 rifle
439 2064 485 2125 riv
499 2063 689 2148 αὐτοκράτορα
701 2060 803 2142 pitito
817 2063 932 2126 τοιαῦτά
943 2088 1006 2128 τινα
1020 2067 1085 2128 καθ’

59 2154 135 2229 ἡμῶν
147 2149 188 2211 ἐπ’
203 2151 275 2211 αὐτό
288 2173 428 2237 γογονενοᾳ
443 2151 532 2234 ῖςορεῖ.
554 2151 609 2210 ΤΟ
621 2153 678 2231 γὰρ
694 2148 738 2210 stt
751 2126 859 2211 resinam
872 2148 1011 2232 γενόμενον
1026 2150 1086 2215 buc.

58 2235 135 2299 Jarn
156 2255 225 2297 nero
246 2231 279 2297 in
297 2257 329 2298 ea
352 2232 430 2297 lilro
446 2256 536 2319 qnem
549 2232 733 2318 Imperatori
748 2233 936 2316 nuncupavit
951 2234 1019 2299 liceo
1031 2234 1086 2301 illo

59 2312 211 2417 regnante
235 2317 379 2382 adversus
406 2317 595 2382 Christianos
616 2329 706 2403 gesta
728 2341 790 2381 esse
810 2319 918 2404 refert.
953 2320 1085 2407 QUOD

59 2424 158 2483 emm,
174 2403 207 2469 in
230 2403 288 2482 nit,
303 2427 464 2492 nunquam
481 2416 573 2466 antea
587 2404 707 2466 factum
720 2402 815 2466 fuerit
830 2405 889 2467 &a

102 2486 188 2555 lbid.
209 2425 242 2552 l.
265 2503 314 2554 24.
341 2492 372 2553 ri
394 2495 447 2552 τῶν
474 2487 622 2570 decorior]
647 2489 678 2551 ri
701 2492 754 2550 nair
778 2497 832 2552 τῶν
854 2494 883 2551 ἃ.
913 2488 1086 2575 Chrisioplt.

59 2573 162 2639 lectt.
207 2574 317 2639 Paullo
335 2588 408 2641 ante
429 2577 458 2637 οὐ
478 2573 586 2637 πώποτε
600 2572 729 2658 Nrcepb.
749 2573 835 2658 apud
855 2595 950 2660 quem
971 2597 1086 2663 perpe·

59 2656 238 2725 ramdistin
287 2674 384 2725 untur
396 2659 467 2723 baec
482 2661 585 2723 verba.
614 2659 849 2724 Ssnorntus.

101 2746 137 2811 P.
156 2760 223 2809 110.
258 2760 312 2811 .1.
333 2751 386 2809 wir
410 2743 563 2830 ἀλλοτρίων
586 2743 692 2828 ipacal]
720 2746 769 2808 Ex
791 2742 840 2807 his
861 2743 964 2810 verbis
985 2766 1087 2833 prope

59 2843 183 2897 certtmt
197 2851 267 2897 esse
281 2830 327 2895 ait
338 2832 381 2894 cl.
397 2829 612 2909 Moshemius,
623 2831 673 2893 De
685 2828 784 2893 Rebas
799 2828 1001 2895 Christianam
1014 2843 1087 2897 ante

61 2914 166 2980 Consi.
176 2914 229 2979 M.
244 2914 329 2980 Sect.
344 2916 377 2981 ii.
394 2914 423 3000 ξ.
437 2932 485 2998 17.
496 2938 528 3000 p.
538 2930 606 2979 243.
623 2917 848 3000 imperatorem
862 2917 997 3001 praemio
1010 2939 1086 3004 pro·

100 3001 166 3067 sito
181 3014 380 3067 accusatores
396 3000 649 3065 Christianorum
665 3000 760 3064 veluti
771 3002 929 3080 evocasse,
939 3016 1035 3087 atque
1046 3001 1086 3067 il-

59 3021 208 3151 libone
221 3099 254 3151 et
267 3109 345 3175 opes
367 3109 490 3164 eorum,
506 3108 587 3173 quos
608 3086 639 3148 in
656 3085 780 3172 judicio
795 3085 930 3172 alicujus
945 3087 1086 3152 criminis

59 3170 278 3250 convicissent,
293 3172 397 3237 addici
415 3172 552 3235 'ussisse
588 3173 686 3248 Nam,
702 3185 825 3235 mutata
838 3172 993 3235 sententia
1006 3173 1085 3237 Mo-

59 3255 213 3334 shemius,
227 3279 324 3343 quam
343 3258 375 3321 in
395 3196 566 3321 (inservare.
580 3257 644 3320 suis
659 3255 763 3321 Sacris
776 3277 807 3319 c.
819 3257 862 3321 iii.
880 3258 910 3339 ᾗ.
923 3263 952 3320 6.
973 3270 1086 3343 protu-

59 3340 149 3423 lerat,
168 3340 239 3407 haec
262 3342 353 3428 jussa
373 3341 559 3429 imperatori
580 3341 647 3406 vult
666 3341 849 3420 attribuere,
871 3364 944 3427 quae
965 3364 984 3406 a
1005 3365 1086 3408 non-

60 3425 155 3493 nullis
175 3426 267 3491 video
289 3427 330 3492 de
351 3427 461 3492 edictis
485 3427 709 3512 praefectorum
730 3427 969 3513 provincialium
991 3427 1085 3496 intel·

57 3509 79 3575 li
103 3511 126 3592 ',
139 3511 182 3577 ab
196 3510 264 3577 aliis
280 3526 387 3579 autem
402 3512 442 3577 de
456 3514 582 3578 urbium
594 3511 741 3577 decretis.
768 3511 834 3577 Adi
849 3511 891 3576 sis
905 3513 1085 3578 Fabricium

59 3533 208 3663 Blitiom
233 3596 291 3663 Gr.
310 3611 392 3662 tom.
406 3623 435 3662 v.
453 3620 483 3663 c.
502 3615 529 3661 1.
549 3599 579 3684 ς.
593 3610 643 3662 24.
664 3611 698 3661 et
720 3596 927 3663 Dodwellum
949 3598 1083 3664 Dissert.

61 3680 211 3775 cyprian.
229 3683 272 3749 xi.
297 3683 328 3765 ξ.
350 3698 400 3761 39.
455 3684 587 3748 Rufinus
607 3696 727 3760 autem,
750 3695 838 3748 vetus
858 3683 1012 3770 interpres
1031 3682 1084 3750 di·

57 3781 141 3833 serto
164 3766 273 3848 habet,
299 3768 451 3833 occasione
475 3781 599 3854 accepta
622 3767 829 3854 imperialium
848 3781 1084 3854 preceptorum.

60 3852 131 3917 Imo
152 3852 218 3919 hoc
239 3852 478 3941 disquirendum
498 3868 590 3941 puto,
603 3877 644 3918 an
665 3876 806 3942 unquam
828 3854 888 3920 sub
908 3855 1084 3941 imperato-

57 3960 130 4007 rum
145 3937 301 4025 regimine
315 3939 532 4026 significentur
542 3961 598 4026 per
613 3939 788 4025 διατάγμαῑα
803 3939 929 4006 decreta
943 3940 1082 4021 urbium,

56 4045 129 4109 quoe
144 4024 316 4108 ψηφίσματα
329 4025 395 4090 lere
408 4038 560 4092 vocantur
565 4049 574 4105 3
590 4026 647 4091 sed
661 4024 701 4090 de
715 4025 942 4112 imperatorum
957 4026 1083 4112 legibus

54 4107 349 4199 praefectorumque
367 4109 477 4175 edictis
501 4133 566 4175 non
581 4111 791 4177 dubitandum
805 4127 865 4192 est,
882 4111 958 4199 quin
972 4133 1010 4176 ea
1022 4113 1082 4174 tra-

53 4192 197 4302 τᾶγματα
211 4194 325 4277 Grfoece
338 4196 457 4263 fuerint
470 4196 565 4274 dicta.
