2716 4748
182 262 244 348 23r
517 206 878 327 auuorauouts
968 252 972 261 ’

181 428 254 494 oum
280 424 350 493 es'se
374 427 482 491 vitiare
511 427 690 493 Ecclesiam
720 428 872 493 Hierosol
897 426 1066 507 milanam,
1089 424 1224 493 inducta

180 513 343 599 pestilenti
365 511 511 577 doctrina
534 528 656 597 septem
681 512 807 576 illarum
828 450 957 577 loduici
979 512 1095 597 populi
1118 526 1223 577 secta·

180 620 266 675 rum,
282 597 400 683 quibus
421 597 488 681 ipse
505 612 573 659 erat
591 596 748 660 addictus.
793 596 916 659 Melius
930 606 1039 659 tamen
1054 618 1132 660 meo
1169 597 1221 677 uiss

180 682 255 745 deur
266 680 391 768 judicio
407 682 567 765 legeretur
585 680 648 743 hoc
663 680 775 757 modo,
789 683 844 742 tari
857 690 912 743 τῶν
926 682 989 742 brial
1003 676 1137 765 αἱρέσεων
1148 618 1221 765 dul,

179 768 261 839 αὐτὸς
274 774 328 828 τῶν
342 769 368 827 ἐν
386 770 427 849 τῷ
446 768 518 847 λαῷ.
562 763 660 850 Quod
675 763 760 827 idem
776 764 858 827 valet
873 764 955 827 acsi
969 762 1112 827 diceret:
1134 764 1220 827 The-

158 849 273 913 ,butes
287 870 427 913 errorem
442 870 536 912 suurn
550 848 741 911 conflaverat
762 869 803 910 ex
823 862 948 933 septam
968 846 1031 911 illis
1051 848 1151 911 sectis
1162 848 1219 913 Ju-

179 933 263 997 da'ici
279 932 402 1019 populi,
416 932 548 1017 perinde
569 954 606 996 ac
628 932 741 995 Simon
755 946 790 995 et
805 930 963 1001 Cleobius
977 946 1012 995 et
1027 932 1217 995 Dositheou.

178 1019 388 1083 VALEsws.
424 1016 551 1103 αἱρέσεων
566 1017 613 1079 καὶ
635 1018 717 1089 αὐτὸς
737 1014 768 1092 ἦν
790 1019 817 1077 ἐν
837 1020 878 1099 τῷ
899 1020 972 1100 λαῷ.
995 1014 1130 1100 ΝῐεφΙι.
1165 1022 1217 1099 alp.

179 1102 215 1175 tlt
230 1104 278 1164 nal
293 1102 376 1174 αὐτὸς
389 1098 420 1177 ἦν
434 1105 460 1163 ἐν
471 1107 512 1185 τῷ
526 1114 555 1162 λ.
572 1100 747 1184 Christoplt.
763 1101 865 1163 Lecti.
882 1100 941 1164 sed
959 1110 1138 1186 utrumque
1158 1096 1217 1163 h'oc

174 1184 246 1270 jam
262 1185 451 1248 correctoris
469 1183 602 1249 videtur.
647 1184 760 1247 Lectio
775 1188 896 1261 nostra,
911 1180 947 1247 alr
961 1182 1007 1265 eal
1020 1186 1117 1263 αὐτὸς,
1135 1196 1217 1261 extat

170 1270 212 1331 in
227 1269 304 1331 MS.
318 1267 395 1354 Rag.
409 1268 560 1355 Margine
573 1268 620 1332 ed.
637 1269 752 1332 Genea.
767 1282 801 1332 et
814 1266 1002 1353 exaaplart't
1010 1268 1215 1353 panes-Iones.

178 1352 327 1417 Valesius
349 1352 522 1438 legendum
544 1364 638 1438 putat
657 1354 711 1416 aas
725 1360 780 1415 τῶν
794 1356 857 1415 trial
870 1352 1000 1441 algimari
1013 1348 1051 1414 alr
1064 1352 1115 1414 καὶ
1128 1354 1217 1428 αὐτὸς,

176 1444 232 1499 τῶν
246 1441 273 1499 ἐν
288 1439 327 1500 τῶ
341 1444 414 1523 λαῷ,
425 1438 507 1500 bene
519 1438 650 1522 quidem
659 1449 818 1521 quantum
835 1436 873 1503 acl
890 1436 1093 1514 senteutiam,
1105 1436 1164 1499 sed
1176 1436 1217 1499 sic

177 1542 243 1585 non
257 1500 383 1605 scripsit
399 1523 618 1607 Hagesippus.
662 1521 710 1584 At
730 1520 794 1583 talc
817 1520 896 1607 quid
919 1520 1025 1585 dicere
1037 1520 1152 1599 voluit,
1167 1522 1219 1583 leel

176 1611 231 1667 τῶν
246 1609 309 1668 ialal
322 1612 379 1691 alp.
395 1611 447 1669 τῶν
461 1610 487 1667 ἐν
500 1612 541 1691 τῷ
560 1611 621 1689 λαῷ
639 1602 675 1667 ὦν
694 1602 740 1682 καὶ
758 1607 840 1677 αὐτὸς
853 1602 895 1683 ἦν,
910 1603 1068 1667 ueletiam
1083 1604 1217 1689 comtpil

176 1689 346 1769 ecclesiam,
369 1689 496 1753 invectis
520 1688 673 1753 erroribus
695 1710 715 1750 a
737 1698 854 1770 septem
878 1687 945 1752 iltis
964 1688 1110 1752 Judaicis
1130 1689 1217 1752 sectis

176 1774 335 1852 deseratis,
351 1796 480 1860 quoram
501 1784 532 1836 et
553 1774 618 1857 ipse
638 1782 718 1836 erat.
763 1771 928 1835 Caeterum
947 1772 1046 1858 hujus
1061 1772 1216 1853 Thebntis

175 1858 263 1942 apud
284 1858 409 1921 nullum
431 1857 529 1920 alium
551 1858 741 1942 scriptorem
765 1855 800 1919 fit
822 1857 967 1935 menti03
990 1876 1090 1943 quare
1103 1871 1140 1921 ct
1156 1856 1216 1919 lroc

176 1962 295 2003 nomen
323 1955 378 2005 aut
407 1942 517 2004 fictum
545 1954 602 2004 aut
628 1953 817 2023 corruptum
841 1940 883 2002 ab
909 1942 964 2003 He
1023 1941 1101 2025 ipo
1126 1952 1217 2025 puto3

176 2026 347 2088 Snuo‘ru.
385 2024 532 2088 Eundem
547 2026 645 2087 fuisse
662 2023 850 2087 Thebutem
870 2023 920 2088 vcl
941 1962 1149 2097 Tlldbburem
1169 2039 1217 2089 at·

176 2130 240 2199 que
257 2108 433 2172 Clementis
447 2109 655 2172 Alexandrini
674 2106 897 2185 Theodadem,
914 2128 1010 2195 quem
1032 2108 1125 2173 Pauli
1139 2126 1217 2195 apo-

175 2192 251 2256 stoli
267 2188 456 2256 familiarem
472 2193 570 2256 fuisse
586 2193 749 2268 dicebant,
765 2190 853 2276 quod
866 2192 973 2259 videre
987 2205 1038 2255 est
1052 2192 1085 2255 iu
1102 2193 1216 2257 Strata.

163 2277 246 2360 -ejus
262 2277 313 2340 rii.
330 2299 361 2360 p.
375 2292 443 2354 899.
459 2277 511 2340 ed.
529 2278 659 2355 Potteri,
674 2290 868 2340 censuerunt
881 2276 940 2341 viri
954 2276 1101 2339 nonuulli
1116 2276 1217 2340 docti·

176 2362 286 2424 Potius
303 2383 376 2425 vero
395 2378 567 2446 utrumque
589 2382 705 2424 uoureu
726 2360 870 2446 ejusdcm
892 2362 950 2425 viri
970 2360 1144 2424 binominis
1166 2364 1217 2424 fu-

174 2445 237 2508 isse
259 2460 352 2530 putat
377 2449 408 2509 P.
431 2449 575 2509 Horreus
596 2445 733 2509 Miscelt.
760 2445 839 2507 Crit.
860 2445 916 2508 lib.
931 2449 958 2507 1.
975 2466 1045 2530 cap.
1059 2458 1089 2508 Β.
1107 2446 1164 2508 ubi
1177 2445 1219 2508 de

174 2530 348 2593 Theodade
363 2532 432 2593 fuse
446 2530 629 2615 disputavit.
672 2529 771 2615 Quod
786 2543 895 2592 autem
909 2529 952 2593 ad
965 2528 1138 2592 lectionem
1156 2529 1218 2592 hu-

169 2613 264 2700 jusce
280 2615 342 2677 loci
359 2614 616 2678 constituendam
631 2614 755 2689 attinet,
769 2614 829 2675 etsi
843 2614 927 2675 favet
941 2612 1034 2677 alteri
1050 2613 1220 2698 scripturae

172 2713 293 2785 praeter
312 2700 411 2763 MSS.
432 2713 521 2761 vetus
544 2700 698 2782 interpres
718 2696 859 2780 arpenas,
874 2697 951 2760 dum
977 2697 1020 2760 ita
1037 2699 1145 2773 vertit,
1161 2698 1222 2783 qai

173 2793 242 2844 crat
262 2805 302 2845 aa
320 2793 433 2864 septam
454 2782 620 2844 baeresibas
642 2783 674 2844 iu
690 2782 803 2865 populo
821 2781 1008 2859 constitutit,
1024 2782 1219 2866 scripturam

174 2881 282 2929 tamen
301 2866 419 2928 Codicis
434 2866 525 2949 Regii
539 2879 611 2949 post
626 2866 805 2929 Strotlrium
822 2865 952 2928 admisi.

173 2988 176 2993 ·
221 2951 254 3011 P.
272 2966 337 3026 199.
349 2949 371 3012 l.
384 2963 432 3012 2⁴1.
454 2957 477 3011 οῖ
490 2950 668 3032 Etpastum]
683 2951 786 3014 Deest
800 2948 956 3014 articulus
967 2955 990 3011 oi
1002 2949 1033 3012 in
1046 2950 1094 3013 ed.
1108 2948 1219 3034 steph.

175 3033 345 3096 Sanora.
382 3033 478 3097 Adde
494 3033 571 3096 MS.
586 3034 727 3118 Norjbl.
1173 3050 1177 3057 '

221 3119 252 3181 Ρ.
269 3133 337 3182 200.
359 3117 382 3180 l.
402 3135 427 3180 1.
457 3117 602 3195 Κλεόὸννς,
626 3117 685 3180 ὅθεν
708 3117 889 3202 Κλεοὲναννῖ]
914 3116 1071 3180 Cleoblus
1089 3117 1219 3181 Simoni

174 3203 374 3288 synchronus
393 3203 463 3288 ipso
478 3203 607 3288 ignatio
623 3203 751 3288 Martyr
784 3203 948 3287 antiquior
961 3201 1033 3264 fuit.
1065 3202 1218 3265 Eundem

174 3289 272 3350 fuisse
287 3310 359 3350 cum
381 3287 542 3351 Cleobulo
565 3285 660 3349 docet
683 3224 882 3370 Epipllranius
905 3285 1018 3349 haetesi
1033 3285 1067 3347 li.
1083 3300 1121 3348 ut
1136 3307 1220 3350 eun·

174 3371 248 3433 dem
265 3371 462 3434 Haereticum
479 3371 531 3434 alii
548 3371 741 3434 Saturnilum
758 3371 811 3433 alii
823 3370 1031 3433 Saturninum
1046 3371 1217 3433 vocabant.

175 3457 369 3538 Raaoruc.
393 3476 432 3518 ex
455 3454 614 3527 Pearsonii
635 3455 668 3518 V
666 3455 759 3516 indic.
784 3456 889 3539 lgaat.
905 3454 1012 3538 Epist.
1030 3455 1063 3516 P.
1078 3453 1113 3516 ii.
1135 3475 1166 3535 c,
1184 3454 1217 3519 ii.

170 3546 250 3623 pag.
277 3550 323 3612 17.
354 3536 443 3600 Ὅθεν
467 3538 512 3615 nal
538 3535 700 3614 Κλνοὸιηνοί
725 3539 772 3601 ed.
801 3536 908 3621 steph.
948 3537 1062 3600 Lectio
1086 3552 1218 3622 recepta

173 3637 261 3685 extat
276 3623 306 3683 in
323 3622 453 3705 Niceplz.
477 3624 646 3686 Sruorrr.
692 3621 851 3698 Κλεοένηνοὶ
867 3622 944 3685 MS.
963 3642 1093 3706 quoque
1112 3622 1215 3687 Savil.

174 3728 231 3770 seu
249 3706 340 3768 Bodt.
365 3707 456 3769 naarai
475 3706 603 3769 Gruterz'
619 3706 720 3768 Lectt.
736 3706 776 3768 ad
793 3729 881 3768 oram
898 3706 949 3768 ed.
964 3707 1084 3769 Genev.

218 3790 302 3852 lbid.
325 3789 371 3867 aa)
385 3790 529 3869 Δοσίθεος,
545 3789 605 3852 ὅθεν
626 3792 800 3872 Arrabanni]
821 3792 906 3855 Sunt
925 3803 1033 3854 tamen
1055 3789 1113 3874 qui
1137 3792 1216 3855 scri-

174 3875 253 3938 bant
275 3874 360 3935 hunc
380 3874 575 3937 Dositlreum
599 3874 703 3937 multo
724 3875 938 3958 antiquiorem
959 3874 1068 3936 fuisse.
1116 3874 1216 3938 Certe

146 3959 200 4022 'si
225 3959 346 4022 Drusio
373 3959 533 4021 credimus
557 3959 589 4020 iu
617 3960 823 4043 responsione
848 3957 889 4020 ad
915 3956 1072 4019 Mirrcrval
1098 3959 1215 4022 Serarii

172 4064 242 4126 cap.
264 4057 309 4105 10.
334 4042 409 4107 vixit
430 4043 482 4106 hic
507 4042 684 4105 Dositlreus
708 4044 792 4105 circa
817 4055 881 4105 tem
930 4063 962 4103 ra
984 4041 1215 4105 Sennacheribi

167 4127 255 4212 regis
272 4126 492 4213 Assyriorum.
530 4127 750 4214 Hieronymus
774 4127 806 4193 in
828 4126 880 4191 dia
893 4147 960 4212 ogo
980 4125 1133 4197 adversus
1148 4128 1216 4190 Lu·
