2716 4748
151 289 217 377 384
490 285 850 356 Annorarronns

154 480 251 545 supra
273 457 429 536 nonnihil,
449 480 506 523 sua
526 459 645 524 fecerat
666 459 715 524 vel
734 473 806 524 ante
823 459 1003 525 Eusebium
1019 458 1191 529 Anatoliut

154 544 368 623 Laodicenus,
383 543 493 610 saeculi
512 546 597 610 tertii
617 561 740 625 auctor,
759 546 792 610 in
813 546 935 610 Conone
952 568 1016 610 suo
1031 547 1188 630 Poetae,

153 629 247 717 cujus
262 645 351 695 vetus
365 631 466 694 versio
479 632 520 694 ab
536 631 670 716 AEgidio
690 631 850 696 Bucherio
869 631 1014 719 primum
1027 633 1119 698 edita
1131 649 1189 700 est.

154 717 208 780 Sic
223 737 296 780 vero
312 716 495 794 Anatolius‚
510 731 566 781 aut
586 717 696 781 saltem
719 717 853 782 Latinus
868 717 1017 805 opusculi
1034 719 1190 806 interpres

155 801 299 882 Rufinus,
315 803 513 890 Polycratem
537 802 624 888 prius
645 801 796 867 excitans.
833 802 888 868 Ilii
908 804 1037 890 quidem
1054 805 1090 868 in
1111 827 1189 872 ΧΠ.

153 886 205 951 die
230 887 347 952 mensis
372 887 467 973 primi
495 889 581 952 diem
608 889 734 975 paschae
761 889 983 968 observabant,
1009 891 1188 956 secundum

152 972 366 1060 evangelium,
382 985 416 1038 nt
435 973 600 1060 putabant,
614 974 692 1039 nihil
708 975 840 1039 omnino
854 976 1052 1040 extrinsecus
1071 976 1190 1042 adden·

153 1073 212 1138 tes,
228 1060 282 1124 sed
298 1059 371 1124 fidei
385 1059 532 1145 regulam
552 1082 610 1146 per
629 1060 738 1123 omnia
751 1075 984 1125 conservantes.
1024 1060 1075 1124 Hi
1089 1072 1189 1128 autern

155 1144 297 1228 (alterius
308 1145 470 1209 sententiae
482 1148 629 1227 statores)
643 1145 819 1210 Dominicoe
826 1145 979 1229 passionis
989 1144 1076 1210 diens
1088 1158 1188 1213 trans·

152 1243 268 1310 euntes,
283 1241 318 1295 et
335 1230 465 1294 tristitia
477 1253 514 1294 oc
528 1254 658 1295 rnoerore
671 1230 833 1315 repletum,
849 1231 1032 1318 corfirmont
1045 1255 1087 1296 ne
1101 1233 1187 1299 liceat

154 1314 332 1404 aliquando,
345 1316 406 1380 nisi
421 1317 453 1380 in
464 1316 514 1381 die
526 1316 692 1381 Dominica
708 1317 741 1381 in
754 1340 816 1404 qna
828 1317 1008 1382 resurrectio
1024 1319 1158 1384 Domini
1169 1341 1188 1384 a

154 1413 251 1467 morte
253 1402 351 1491 foeta
366 1413 423 1480 est,
435 1414 464 1466 et
479 1403 512 1466 in
527 1425 590 1490 qno
601 1401 685 1467 nolis
700 1413 806 1467 exorta
821 1414 866 1467 est
881 1403 1084 1488 sempiternae
1099 1424 1187 1470 coust

154 1486 290 1567 taetitia,
306 1488 503 1552 Dominicurn
523 1488 648 1573 paselroe
668 1487 818 1552 celebrare
837 1489 1031 1575 mysterium.
1056 1505 1135 1554 sect.
1149 1491 1184 1555 vi.

50 1600 53 1607 ’
153 1596 186 1659 p.
196 1587 266 1639 445.
282 1573 359 1638 edit.
375 1575 529 1662 Antverp.
566 1575 674 1638 Verba
689 1596 785 1660 porro
801 1573 989 1661 Polycratis,
1008 1577 1132 1639 κατὰτὸ
1146 1580 1184 1640 ri·

153 1660 301 1745 αγγέλιον,
317 1661 363 1724 ita
377 1660 612 1760 interpretanda
626 1682 695 1724 esse
708 1659 875 1723 videntur:
893 1659 915 1722 ii
930 1682 1046 1725 omnes
1062 1661 1184 1726 ineunte

153 1767 244 1809 sacro
256 1746 309 1810 die
346 1745 483 1810 aschatrs
497 1753 545 1808 τοῦ
559 1745 724 1834 ςαυςωσίμυ
738 1746 920 1824 coenabant,
932 1747 1184 1832 quemadmodum

142 1829 270 1916 feceret
286 1767 427 1896 Ciiistus
441 1833 485 1895 D.
499 1831 541 1895 N.
558 1854 621 1896 non
635 1843 839 1916 expectantes
853 1852 911 1917 per
926 1831 1066 1896 biduum
1089 1854 1182 1897 resur·

153 1916 304 1980 rectionis
319 1917 418 1995 diem,
433 1932 470 1981 ut
483 1917 601 1981 festum
617 1917 680 1980 hoc
694 1931 838 2002 agerent.

207 2002 240 2064 P.
262 2013 333 2077 371.
358 2001 381 2064 l.
402 2018 432 2080 9.
469 2003 585 2066 πάντων
614 2003 706 2087 ὑμῶν]
740 2008 813 2086 ὑμῶν
841 2003 888 2066 καὶ
913 2002 1031 2066 πάντων
1060 2002 1180 2089 Nitepit.

153 2086 323 2151 Sunorn.
351 2092 425 2169 ὑμῶν
438 2087 554 2151 «πάντων
568 2108 658 2153 verso
673 2100 798 2152 tantum
813 2087 925 2153 ordine
939 2089 1017 2153 MS.
1034 2089 1170 2176 Norfpic.

199 2170 282 2236 lbid.
298 2173 320 2237 l.
336 2187 383 2237 lt.
405 2174 443 2248 οἷς
456 2174 504 2236 καὶ
518 2172 748 2259 ωαρηκολέθησίι
762 2199 833 2237 τισιν
847 2173 949 2258 αὐτῶν]
974 2174 1114 2240 Parus
1134 2197 1181 2239 su·

153 2280 221 2343 pra,
235 2281 267 2344 p.
281 2273 311 2322 8.
326 2263 348 2322 ri
362 2256 389 2321 li
403 2280 451 2322 ere
467 2261 488 2346 a}
504 2259 749 2345 παρηκολεθηκῶς
761 2286 803 2334 τις
815 2264 872 2334 τοῖς
886 2257 1089 2347 ωρεσέυτέςοις
1101 2259 1182 2324 ἔλθοι.

155 2345 354 2430 Polycratem
370 2345 415 2408 ita
429 2346 521 2409 vertit
536 2345 680 2425 Rufinus,
696 2345 757 2408 Sed
777 2356 807 2407 et
828 2368 881 2431 ego
904 2345 1042 2408 omnium
1055 2357 1182 2410 vestrum

152 2429 299 2494 minirnns
320 2431 498 2516 Polycrates
519 2432 683 2494 secundnm
699 2431 895 2494 traditionem
916 2443 1087 2514 parentum
1107 2455 1182 2495 meo-

152 2538 222 2578 rnrn
237 2516 365 2595 observo,
381 2539 483 2580 eornrn
498 2517 665 2594 duntaxat,
682 2538 757 2602 qnos
772 2527 801 2579 et
818 2516 854 2579 ob
872 2516 958 2579 initio
975 2530 1099 2581 secutas
1112 2541 1182 2582 sum.

197 2601 281 2666 lbid.
296 2603 317 2666 l.
333 2618 378 2666 13.
401 2600 605 2685 tricipitinus
618 2606 750 2687 συγῐενεῖς
763 2603 835 2686 &c.]
850 2603 983 2666 Rufinus
998 2603 1184 2668 existimavit

151 2700 276 2772 septem
293 2689 405 2752 ordine
421 2703 566 2774 parentes
582 2710 638 2752 seu
652 2689 848 2774 propinquos
864 2688 920 2751 Pol
945 2689 1053 2768 cratis,
1068 2690 1185 2774 episco-

152 2786 265 2857 patum
281 2774 399 2858 Ephesi
411 2775 557 2859 gessisse.
602 2775 654 2837 Sic
671 2775 755 2837 enim
772 2773 885 2837 vertit:
933 2784 1033 2858 eptem
1058 2797 1185 2862 numque

150 2880 191 2923 ex
206 2859 388 2941 parentibus
403 2860 477 2922 rneis
494 2874 552 2943 per
568 2859 704 2922 ordinem
715 2859 851 2946 fnerrmt
866 2859 1010 2944 episcopi,
1025 2871 1057 2924 et
1072 2884 1128 2948 ego
1143 2883 1186 2924 oc·

152 2953 253 3006 tauns.
299 2943 394 3007 Certe
420 2944 473 3007 hic
500 2967 610 3008 sensus
637 2968 675 3007 ex
700 2945 802 3009 verbis
826 2945 949 3008 Graecis
974 2946 1048 3009 elici
1072 2959 1184 3032 potest.

151 3028 276 3092 Tamen
290 3051 365 3092 cum
383 3030 563 3116 Polycrates
579 3054 641 3093 non
658 3031 766 3109 addat,
778 3030 975 3116 propinquos
991 3054 1068 3096 suos
1084 3032 1186 3118 Ephe·

151 3115 230 3179 sinae
253 3116 341 3179 urbis
364 3138 474 3179 omnes
496 3117 662 3201 episcopos
685 3117 793 3193 fuisse,
816 3139 987 3201 possumus
1008 3118 1186 3204 intelligere

152 3200 224 3264 illos
239 3202 271 3264 in
286 3201 413 3264 diversis
430 3202 517 3264 Asiae
531 3202 664 3265 urbibus
680 3201 892 3266 sacerdotium
910 3203 1101 3266 obtinuisse.
1115 3206 1185 3268 Va·

155 3307 301 3351 custus.
346 3287 450 3350 Rufio.
466 3298 580 3372 septern
595 3311 633 3351 ex
645 3287 825 3371 parentibus
840 3286 924 3350 rneis.
963 3289 1032 3352 Ubi
1043 3300 1186 3372 parentes

151 3393 210 3456 pro
225 3373 371 3458 cognatis
386 3373 504 3458 posuit,
517 3395 580 3436 non
595 3395 652 3459 pro
664 3373 874 3458 genitoribus
887 3386 924 3436 ut
937 3375 1060 3438 Brutus
1076 3390 1184 3459 parens

152 3456 319 3543 Tarquinii
339 3460 496 3543 Eutropio
518 3458 572 3522 lib.
589 3461 615 3522 Ι.
631 3480 701 3542 cap.
714 3472 743 3534 7.
759 3473 792 3522 et
809 3459 901 3522 Gerae
919 3457 1113 3546 Gepidaeqne
1130 3477 1185 3546 pu-

151 3553 252 3606 rentes
275 3544 429 3607 Jornandi
453 3567 480 3605 c.
507 3559 554 3618 17.
604 3544 697 3607 Plura
723 3545 915 3629 scriptorum
942 3544 1013 3608 loca
1036 3558 1187 3610 notarunt

150 3629 221 3693 Viri
238 3629 325 3692 docti
342 3631 383 3692 ad
402 3631 570 3713 scriptores
594 3630 680 3694 Hist.
700 3631 843 3716 August.
866 3644 899 3692 et
919 3631 1094 3716 Menagius
1117 3632 1188 3696 Ori·

150 3714 281 3799 ginibus
308 3715 441 3778 Gallicis
467 3716 498 3777 in
522 3726 645 3798 parent.
677 3717 887 3781 Fannrcrus
916 3715 956 3778 ad
984 3718 1186 3805 Polycratem

151 3800 236 3885 apud
258 3799 387 3864 Hieron.
431 3802 550 3864 Nonne
574 3823 647 3864 vero
669 3822 718 3863 res
740 3801 784 3864 ita
806 3801 924 3864 habere
947 3802 1066 3886 potuit,
1089 3818 1128 3867 ut
1151 3826 1189 3867 ex

154 3885 328 3974 Polycratis
343 3886 442 3949 domo
458 3886 490 3948 hi
505 3886 647 3971 episcopi
666 3888 706 3948 ab
726 3887 873 3971 Ephesiis
892 3887 1057 3973 desumpti
1072 3902 1188 3967 essent,

150 3993 225 4036 cum
246 3983 377 4057 propter
398 3972 459 4035 alia
476 3972 590 4036 merita
608 3973 688 4120 ey'us,
704 3984 772 4035 tum
789 3985 957 4057 propterca
972 3974 1063 4058 quod
1078 3975 1189 4059 primi·

151 4059 205 4122 tiae
220 4057 391 4144 Ephesinae
409 4057 563 4134 ecclesiae,
579 4080 615 4120 ve
642 4059 724 4121 inter
737 4058 903 4142 primitias,
919 4059 1053 4124 forsitan
1068 4060 1191 4125 familia

151 4144 213 4208 istu
233 4144 365 4207 fuisset?
397 4145 448 4206 Ita
469 4143 656 4228 hujusmodi
678 4144 756 4229 quid
778 4144 819 4207 de
841 4141 1012 4230 Stephanae
1035 4145 1137 4209 domo
1158 4147 1191 4211 in

150 4228 239 4313 epist.
261 4228 366 4312 priore
388 4229 429 4293 ad
455 4228 626 4294 Corinthios
649 4229 753 4316 capite
776 4229 955 4316 penultimo
976 4231 1015 4296 ab
1039 4234 1192 4318 apostolo
