2716 4748
190 304 246 373 ns
265 299 401 373 srrsr.
419 301 650 374 usuum.
670 301 728 369 er
748 292 1025 369 suouunan.
1068 319 1132 387 aa·

82 474 195 541 babito
218 473 389 562 privilegio
410 472 481 559 ejus
504 491 627 557 praeses
644 472 767 558 populo
785 470 953 542 ferocienti
966 469 1132 543 hominem

84 559 226 637 tradidit,
241 560 334 646 quod
348 557 478 644 quidem
497 557 547 621 his
569 556 708 623 fortasse
724 556 826 622 verbis
840 556 995 632 innuitur,
1010 554 1057 618 eal
1072 557 1131 641 γὰρ

84 634 192 717 iaalriv
208 642 349 711 ‘Arianos
396 649 410 664 ”
433 640 515 729 ὄχλῳ
536 641 723 728 χαριζόμενος
744 648 757 704 t
781 650 796 720 ἡ
821 641 892 724 ipsas
910 641 1021 718 ἐξέδωκε
1039 639 1134 703 πάλιν

83 733 138 804 τοῖς
150 729 274 817 inplere?
302 671 494 824 imolabet
512 740 603 792 vetus
623 727 780 812 interpres
796 669 942 803 Rufinus,
957 747 1049 811 qoem
1063 746 1134 789 con·

84 823 136 891 tro
144 825 347 912 praeceptas}
362 814 498 878 Coesarss
508 810 691 912 grotfflcari
699 811 816 911 populo
830 811 933 909 volens
947 812 1007 874 &c
1037 810 1134 878 Hanc

82 892 1137 1065 mitelli.ttlffillltltttlttnitl:

83 1089 144 1153 que
163 1070 301 1154 insuper
318 1067 485 1154 interpres.
530 1066 698 1131 Caeterum
722 1081 815 1133 notat
836 1065 1010 1143 Strothius,
1028 1064 1135 1129 Chris·
1250 1120 1282 1147 ,Ι

83 1152 165 1238 rapt.
180 1165 260 1240 post
273 1151 326 1227 τὰς
339 1153 391 1235 μὲν
404 1152 523 1218 addere
537 1156 623 1233 ὄμολο
649 1157 743 1230 inas,
755 1152 820 1217 tale
832 1148 910 1238 quid
924 1149 1010 1215 euim
1025 1149 1137 1215 deesse

81 1257 118 1302 ex
133 1239 256 1303 Rufino
273 1259 404 1323 quoque
419 1250 542 1345 patere,
558 1236 615 1321 qui
625 1178 729 1300 babet
739 1236 951 1320 persistentes.

36 1341 40 1345 ’
119 1324 154 1393 P.
166 1337 244 1389 285.
261 1321 284 1385 l.
297 1335 328 1386 3.
351 1327 374 1384 'sl
399 1324 427 1385 δε
450 1345 519 1395 τινες
542 1325 675 1406 Apstine,
701 1320 813 1395 τούτους
838 1319 1023 1402 ἀπολυθῆναι]
1048 1319 1137 1383 Mira

80 1407 158 1473 risio
183 1406 319 1493 judieii,
342 1404 369 1470 si
391 1416 560 1490 apostate,
584 1405 767 1503 dequibus
790 1405 857 1471 lata
879 1405 950 1469 haec
971 1404 1139 1493 sententia,

167 1489 395 1569 ebomicidae,
409 1490 476 1554 sive
489 1489 604 1554 incesti
619 1489 767 1554 fuissent.
1035 1493 1037 1498 '

78 1510 257 1644 albidi·
267 1577 298 1641 4.
320 1581 369 1652 τῆς
384 1574 483 1641 ἐνθάδε
495 1573 692 1659 πανηγύρεως]
710 1572 859 1639 Celebris
875 1594 916 1639 ex
928 1572 1018 1637 omni
1030 1572 1138 1639 Gallia

74 1668 263 1730 conventus
283 1659 439 1725 ludorum
461 1681 560 1724 causa
581 1657 679 1731 fiebat
704 1658 870 1743 Lugduni,
893 1657 936 1723 ad
958 1680 1046 1721 aram
1067 1659 1140 1723 Au·
1170 1666 1172 1671 ’

71 1761 174 1830 gasto
200 1757 390 1831 seruatam.¹
418 1743 540 1810 Dicata
560 1757 670 1808 autem
692 1744 799 1809 fuerat
817 1744 887 1809 haec
905 1765 960 1807 ara
974 1743 1052 1815 Julo
1067 1743 1139 1807 An·

70 1835 162 1901 tuto
182 1842 226 1897 et
241 1830 344 1895 Fabio
353 1827 512 1895 Africano
529 1827 624 1893 Coss.
639 1827 795 1895 Calendis
811 1829 966 1915 Augusti,
977 1841 1014 1892 ut
1029 1827 1141 1894 scribit

66 1914 265 1989 Soetonius
287 1913 323 1979 in
348 1911 501 1978 Claudio.
527 1914 609 1998 (scil.
632 1913 779 1999 Augusti
804 1914 889 1978 Caes.
912 1913 1137 1999 temporibus.)

63 1999 129 2085 ἲοα,
144 2000 267 2073 ludos
279 1998 391 2065 adhuc
404 2019 464 2063 sua
479 2010 576 2063 aetate
594 1999 751 2064 mansisse
770 2000 883 2067 scribit
899 1999 978 2064 Dio.
1022 2001 1072 2064 Ex
1090 1997 1141 2067 his

60 2090 258 2179 colligitur
278 2097 436 2171 martyres
458 2083 693 2170 Lugdunenses
717 2106 830 2151 mense
851 2084 1008 2170 Augusto
1029 2105 1142 2169 passos

58 2195 147 2253 ene.
183 2168 298 2260 Quod
307 2174 417 2234 autem
430 2167 569 2235 Hieron.
584 2168 672 2247 Ado,
684 2168 975 2248 usuardussseda,
984 2168 1140 2235 Notbke·

58 2284 107 2337 mg
121 2254 276 2343 auique
288 2254 428 2319 natalem
441 2253 715 2339 Lugdunensium
727 2269 908 2342 martyrum
923 2253 1096 2325 conferunt
1107 2253 1143 2325 in

58 2348 158 2423 diem
186 2362 250 2409 lv.
267 2341 383 2407 Nonas
396 2338 497 2416 Junii,
513 2337 593 2403 nihil
607 2359 662 2402 me
677 2353 797 2404 movet.
830 2338 900 2404 Diu
913 2339 1001 2404 enim
1015 2349 1090 2424 post
1101 2338 1143 2403 il-

60 2435 194 2509 losum
218 2444 344 2504 necem,
361 2446 434 2489 cum
456 2422 586 2487 illorum
607 2422 753 2510 reliquiae
775 2424 911 2488 inventae
927 2423 1073 2501 inissent,
1089 2422 1143 2497 hic

62 2520 133 2595 illd·
153 2504 383 2611 potissimum
399 2509 523 2573 clectus
537 2519 598 2586 est,
612 2530 680 2594 quo
697 2508 846 2577 omnium
867 2507 964 2575 simul
986 2504 1145 2577 memoria

68 2603 333 2680 „lebraretrni
353 2616 429 2659 curn
452 2604 562 2657 tamen
584 2614 649 2659 non
671 2615 738 2658 uno
760 2591 1010 2680 eodemquedie
1028 2614 1142 2659 omnes

53 2745 55 2748 ,
146 2686 164 2755 l
190 2682 271 2762 sint,
285 2692 328 2749 ut
348 2700 388 2762 es
411 2678 473 2762 hac
491 2677 630 2761 epistola
643 2691 783 2744 constat.
803 2681 1018 2745 Vaassrus.
1063 2677 1144 2762 (Sed

71 2702 265 2849 misertus
277 2776 404 2842 censet,
418 2763 452 2829 id
473 2760 597 2829 factum
614 2762 731 2828 eodem
746 2764 799 2828 die
814 2765 923 2842 fuisse,
937 2786 978 2831 eo
998 2763 1089 2851 quod
1106 2762 1142 2844 ii,

98 2857 137 2927 ui,
158 2873 207 2921 ex
232 2850 289 2919 'bis
315 2844 437 2915 sanctis
463 2846 661 2934 martyribus
684 2848 810 2934 priores
824 2844 957 2919 'monui
981 2862 1069 2928 sunt,
1092 2848 1143 2915 vol

80 2880 261 3012 lominus,
270 2935 337 2999 hoc
352 2932 406 2998 die
422 2931 542 2996 obiisse
556 2936 770 3018 putarentur.)
801 2937 852 2999 Ex
866 2933 917 2999 his
933 2935 1036 2999 verbis
1050 2936 1141 3022 Loy·

87 3022 158 3095 dlua
180 3032 219 3089 et
244 3017 439 3085 Dodwellus
453 3015 662 3085 manifestum
676 3019 745 3084 fieri
756 3019 961 3098 arbitrantur,
976 3021 1143 3118 Martyres

162 3105 331 3173 dunenses
361 3124 446 3189 anno
473 3100 553 3166 Chr.
582 3122 731 3169 caxvn.
759 3103 949 3191 sanguinem
978 3103 1141 3171 effudisse.

87 3190 136 3256 At
163 3189 171 3204 '
218 3200 373 3256 tcertum
386 3187 439 3265 sit,
451 3207 539 3251 aram
554 3185 710 3271 Lugduni
746 3187 865 3253 timum
877 3187 933 3251 Au
982 3200 1033 3252 sto
1048 3185 1141 3256 dedi.-

91 3284 201 3347 σθω)
224 3292 294 3339 esse
315 3270 473 3343 Kalendis
489 3270 543 3335 Ast
603 3270 654 3348 tis,
674 3272 697 3335 I
727 3294 743 3335 o
763 3271 912 3350 Antonio,
959 3270 1028 3340 alio
1044 3270 1141 3359 Afri-

91 3357 273 3426 cono-Coss.
307 3355 394 3421 Ludi
402 3356 518 3425 'tamen
539 3356 546 3371 ‘
562 3355 585 3421 li
604 3377 670 3418 non
690 3352 826 3442 singolis
839 3356 1066 3445 quinquenniis
1084 3357 1142 3431 sed

115 3442 273 3525 scannia
292 3440 460 3521 celebrati,
483 3454 521 3505 ut
545 3440 723 3505 observavit
747 3443 864 3509 Marce
884 3442 918 3507 in
938 3441 1077 3511 Dissert.
1099 3441 1141 3509 de

138 3525 149 3539 ⁰
182 3514 187 3529 ⁸
224 3548 247 3593 u
265 3524 486 3611 Lugdunensi,
507 3539 597 3591 num.
619 3547 648 3588 c.
668 3526 729 3591 bac.
754 3526 810 3626 qui
836 3527 907 3615 ¹fuse
930 3525 1076 3615 loquitur
1099 3527 1141 3599 dc

86 3621 265 3673 conventu
284 3609 340 3677 illo
356 3609 551 3694 populorum
574 3609 701 3690 Galliae,
718 3633 775 3698 qus
796 3611 967 3700 quotannis
989 3613 1088 3680 fiebat
1107 3614 1143 3683 in

85 3690 241 3763 colonia
247 3686 454 3778 Lugdunensi
464 3695 507 3759 ad
516 3716 605 3761 aram
616 3695 771 3782 Augusto
788 3698 926 3785 Principi
939 3698 1091 3780 dicatam,
1101 3693 1144 3767 ds

83 3792 177 3866 quo
193 3777 239 3841 ait
249 3777 332 3843 hunc
345 3778 477 3841 Eusebii
490 3777 601 3845 locum
615 3782 718 3868 accipi
733 3782 863 3862 debere,
877 3796 1030 3871 recteque
1044 3784 1141 3862 warsi-

77 3861 349 4009 {gmissflfim
358 3860 528 3953 Nundinas
542 3886 676 3933 versam.
720 3868 775 3934 Sic
796 3869 830 3935 in
851 3870 1011 3939 veteribus
1025 3869 1142 3958 glossis

127 3941 273 4040 ’ῑὲΠώὓὲ
285 3948 366 4031 beri,
406 3968 461 4048 με
475 3949 683 4049 mercirnonia
694 3974 825 4041 quoque
845 3954 1039 4042 significant,
1053 3952 1142 4042 quod

160 4035 228 4091 tarr
239 4028 370 4125 solerent,
417 4034 497 4099 ebus
512 4034 614 4125 ¹festis.
635 4039 714 4105 Ant.
729 4039 815 4128 Pagi
828 4041 871 4107 ad
885 4041 1149 4116 ann.0hr.177.'
1187 4074 1189 4079 .

136 4107 293 4175 ..Auru
306 4124 349 4187 17·
373 4138 401 4183 a
419 4119 614 4187 Resona.
634 4123 759 4191 allatus.
796 4125 873 4193 Vid.
894 4149 991 4215 supra
1011 4137 1079 4192 not.
1099 4122 1142 4194 ad

74 4194 311 4341 Ple-0²52&
322 4200 504 4273 vexaiionis
518 4205 617 4294 hujus
622 4224 727 4358 Yastino.
