<?xml version="1.0" encoding="UTF-8"?>
<!DOCTYPE html PUBLIC "-//W3C//DTD XHTML 1.0 Transitional//EN"
    "http://www.w3.org/TR/xhtml1/DTD/xhtml1-transitional.dtd">
<html xmlns="http://www.w3.org/1999/xhtml" xml:lang="en" lang="en">
 <head>
  <title>
</title>
<meta http-equiv="Content-Type" content="text/html;charset=utf-8" />
  <meta name='ocr-system' content='tesseract 3.04.00' />
  <meta name='ocr-capabilities' content='ocr_page ocr_carea ocr_par ocr_line ocrx_word'/>
</head>
<body>
  <div class='ocr_page' id='page_1' title='image "./reliquiaesacrae00routgoog_0154.png"; bbox 0 0 2716 4748; ppageno 0'>
   <div class='ocr_carea' id='block_1_1' title="bbox 157 293 848 362">
    <p class='ocr_par' dir='ltr' id='par_1_1' title="bbox 157 293 848 362">
     <span class='ocr_line' id='line_1_1' title="bbox 157 293 848 362; baseline 0.001 -4"><span class='ocrx_word' id='word_1_1' title='bbox 157 310 220 362; x_wconf 71' lang='lat'>122</span> <span class='ocrx_word' id='word_1_2' title='bbox 491 293 848 360; x_wconf 79' lang='lat' dir='ltr'>ANNOTATIONES</span> 
     </span>
    </p>
   </div>
   <div class='ocr_carea' id='block_1_2' title="bbox 67 461 1186 4289">
    <p class='ocr_par' dir='ltr' id='par_1_2' title="bbox 202 461 1178 550">
     <span class='ocr_line' id='line_1_2' title="bbox 202 461 1178 550; baseline 0.008 -26"><span class='ocrx_word' id='word_1_3' title='bbox 202 462 237 539; x_wconf 75' lang='lat' dir='ltr'>P.</span> <span class='ocrx_word' id='word_1_4' title='bbox 255 475 320 527; x_wconf 87' lang='lat' dir='ltr'>no.</span> <span class='ocrx_word' id='word_1_5' title='bbox 335 461 358 525; x_wconf 89' lang='lat' dir='ltr'>l.</span> <span class='ocrx_word' id='word_1_6' title='bbox 368 473 399 527; x_wconf 83' lang='lat'>4.</span> <span class='ocrx_word' id='word_1_7' title='bbox 420 464 523 550; x_wconf 70' lang='grc' dir='ltr'>ταῦτα]</span> <span class='ocrx_word' id='word_1_8' title='bbox 541 469 608 527; x_wconf 65' lang='lat' dir='ltr'>vtro</span> <span class='ocrx_word' id='word_1_9' title='bbox 621 465 668 528; x_wconf 82' lang='lat' dir='ltr'>ed.</span> <span class='ocrx_word' id='word_1_10' title='bbox 686 462 790 548; x_wconf 77' lang='lat' dir='ltr'>steph.</span> <span class='ocrx_word' id='word_1_11' title='bbox 806 476 839 528; x_wconf 91' lang='lat' dir='ltr'>et</span> <span class='ocrx_word' id='word_1_12' title='bbox 853 461 981 549; x_wconf 67' lang='grc' dir='ltr'>Νῖοερῐι.</span> <span class='ocrx_word' id='word_1_13' title='bbox 1007 463 1178 535; x_wconf 80' lang='lat' dir='ltr'>Srnorn.</span> 
     </span>
    </p>

    <p class='ocr_par' dir='ltr' id='par_1_3' title="bbox 202 547 1070 637">
     <span class='ocr_line' id='line_1_3' title="bbox 202 547 1070 637; baseline 0.003 -26"><span class='ocrx_word' id='word_1_14' title='bbox 202 547 286 612; x_wconf 87' lang='lat' dir='ltr'>lbld.</span> <span class='ocrx_word' id='word_1_15' title='bbox 302 547 325 612; x_wconf 84' lang='lat' dir='ltr'>l.</span> <span class='ocrx_word' id='word_1_16' title='bbox 337 562 366 611; x_wconf 84' lang='lat'>5.</span> <span class='ocrx_word' id='word_1_17' title='bbox 389 547 487 622; x_wconf 66' lang='lat' dir='ltr'>linares</span> <span class='ocrx_word' id='word_1_18' title='bbox 501 549 575 637; x_wconf 64' lang='grc' dir='ltr'>γὰρ]</span> <span class='ocrx_word' id='word_1_19' title='bbox 591 548 690 624; x_wconf 67' lang='lat' dir='ltr'>tinam</span> <span class='ocrx_word' id='word_1_20' title='bbox 703 551 752 632; x_wconf 77' lang='grc' dir='ltr'>μὲν</span> <span class='ocrx_word' id='word_1_21' title='bbox 766 553 823 637; x_wconf 75' lang='grc' dir='ltr'>γὰρ</span> <span class='ocrx_word' id='word_1_22' title='bbox 838 549 915 613; x_wconf 87' lang='lat' dir='ltr'>MS.</span> <span class='ocrx_word' id='word_1_23' title='bbox 930 549 995 612; x_wconf 80' lang='lat' dir='ltr'>Nor</span> <span class='ocrx_word' id='word_1_24' title='bbox 1012 548 1070 615; x_wconf 68' lang='grc' dir='ltr'>οἷο.</span> 
     </span>
    </p>

    <p class='ocr_par' dir='ltr' id='par_1_4' title="bbox 154 631 1183 1914">
     <span class='ocr_line' id='line_1_4' title="bbox 202 631 1182 783; baseline 0.005 -87"><span class='ocrx_word' id='word_1_25' title='bbox 202 632 287 697; x_wconf 88' lang='lat' dir='ltr'>lbid.</span> <span class='ocrx_word' id='word_1_26' title='bbox 301 631 322 696; x_wconf 86' lang='lat' dir='ltr'>l.</span> <span class='ocrx_word' id='word_1_27' title='bbox 337 647 365 698; x_wconf 87' lang='lat'>8.</span> <span class='ocrx_word' id='word_1_28' title='bbox 386 634 447 708; x_wconf 82' lang='grc' dir='ltr'>τοὺς</span> <span class='ocrx_word' id='word_1_29' title='bbox 459 639 506 710; x_wconf 76' lang='grc' dir='ltr'>τῆς</span> <span class='ocrx_word' id='word_1_30' title='bbox 520 634 643 712; x_wconf 67' lang='grc' dir='ltr'>τοιαύτης</span> <span class='ocrx_word' id='word_1_31' title='bbox 658 634 819 719; x_wconf 66' lang='grc' dir='ltr'>φιλονεικίας</span> <span class='ocrx_word' id='word_1_32' title='bbox 831 635 972 783; x_wconf 45' lang='lat' dir='ltr'>inrisas}</span> <span class='ocrx_word' id='word_1_33' title='bbox 1020 634 1071 701; x_wconf 80' lang='lat' dir='ltr'>ale</span> <span class='ocrx_word' id='word_1_34' title='bbox 1085 634 1182 701; x_wconf 84' lang='lat' dir='ltr'>inter·</span> 
     </span>
     <span class='ocr_line' id='line_1_5' title="bbox 159 719 1182 805; baseline 0.003 -23"><span class='ocrx_word' id='word_1_35' title='bbox 159 730 263 804; x_wconf 91' lang='lat' dir='ltr'>pretes</span> <span class='ocrx_word' id='word_1_36' title='bbox 280 739 392 782; x_wconf 87' lang='lat' dir='ltr'>omnes</span> <span class='ocrx_word' id='word_1_37' title='bbox 413 719 483 784; x_wconf 75' lang='lat' dir='ltr'>hec</span> <span class='ocrx_word' id='word_1_38' title='bbox 502 719 667 785; x_wconf 90' lang='lat' dir='ltr'>Melitonis</span> <span class='ocrx_word' id='word_1_39' title='bbox 681 720 774 784; x_wconf 88' lang='lat' dir='ltr'>verba</span> <span class='ocrx_word' id='word_1_40' title='bbox 787 740 936 805; x_wconf 85' lang='lat' dir='ltr'>accepere</span> <span class='ocrx_word' id='word_1_41' title='bbox 972 719 1182 785; x_wconf 82' lang='lat' dir='ltr'>ecalumnia·</span> 
     </span>
     <span class='ocr_line' id='line_1_6' title="bbox 158 803 1181 891; baseline 0.003 -24"><span class='ocrx_word' id='word_1_42' title='bbox 158 803 281 868; x_wconf 93' lang='lat' dir='ltr'>toribus</span> <span class='ocrx_word' id='word_1_43' title='bbox 297 803 563 884; x_wconf 84' lang='lat' dir='ltr'>Christianorum,</span> <span class='ocrx_word' id='word_1_44' title='bbox 577 826 651 869; x_wconf 92' lang='lat' dir='ltr'>cum</span> <span class='ocrx_word' id='word_1_45' title='bbox 665 805 704 869; x_wconf 89' lang='lat' dir='ltr'>de</span> <span class='ocrx_word' id='word_1_46' title='bbox 720 804 907 871; x_wconf 86' lang='lat' dir='ltr'>Christianis</span> <span class='ocrx_word' id='word_1_47' title='bbox 927 803 1063 891; x_wconf 81' lang='lat' dir='ltr'>intelligi</span> <span class='ocrx_word' id='word_1_48' title='bbox 1084 805 1181 870; x_wconf 90' lang='lat' dir='ltr'>debe·</span> 
     </span>
     <span class='ocr_line' id='line_1_7' title="bbox 157 888 1182 977; baseline 0.005 -26"><span class='ocrx_word' id='word_1_49' title='bbox 157 900 224 967; x_wconf 89' lang='lat' dir='ltr'>ant,</span> <span class='ocrx_word' id='word_1_50' title='bbox 239 911 320 976; x_wconf 92' lang='lat' dir='ltr'>quos</span> <span class='ocrx_word' id='word_1_51' title='bbox 344 889 461 953; x_wconf 89' lang='lat' dir='ltr'>Melito</span> <span class='ocrx_word' id='word_1_52' title='bbox 481 905 574 958; x_wconf 84' lang='lat' dir='ltr'>vocat</span> <span class='ocrx_word' id='word_1_53' title='bbox 594 891 714 977; x_wconf 74' lang='grc' dir='ltr'>ἐργάτας</span> <span class='ocrx_word' id='word_1_54' title='bbox 735 888 907 972; x_wconf 70' lang='grc' dir='ltr'>φιλονεικίας,</span> <span class='ocrx_word' id='word_1_55' title='bbox 921 889 954 958; x_wconf 92' lang='lat' dir='ltr'>id</span> <span class='ocrx_word' id='word_1_56' title='bbox 975 905 1023 954; x_wconf 89' lang='lat' dir='ltr'>est</span> <span class='ocrx_word' id='word_1_57' title='bbox 1044 891 1182 968; x_wconf 73' lang='grc' dir='ltr'>ἀσκητάς.</span> 
     </span>
     <span class='ocr_line' id='line_1_8' title="bbox 158 975 1182 1061; baseline 0.004 -23"><span class='ocrx_word' id='word_1_58' title='bbox 158 975 389 1041; x_wconf 86' lang='lat' dir='ltr'>Profitebantur</span> <span class='ocrx_word' id='word_1_59' title='bbox 402 975 486 1040; x_wconf 88' lang='lat' dir='ltr'>enirn</span> <span class='ocrx_word' id='word_1_60' title='bbox 504 975 675 1041; x_wconf 80' lang='lat' dir='ltr'>Christiani</span> <span class='ocrx_word' id='word_1_61' title='bbox 694 975 897 1061; x_wconf 82' lang='lat' dir='ltr'>pertinaciam</span> <span class='ocrx_word' id='word_1_62' title='bbox 916 990 950 1040; x_wconf 89' lang='lat' dir='ltr'>et</span> <span class='ocrx_word' id='word_1_63' title='bbox 968 975 1182 1042; x_wconf 79' lang='lat' dir='ltr'>constantiam</span> 
     </span>
     <span class='ocr_line' id='line_1_9' title="bbox 157 1058 1183 1146; baseline 0.005 -24"><span class='ocrx_word' id='word_1_64' title='bbox 157 1058 190 1122; x_wconf 93' lang='lat' dir='ltr'>in</span> <span class='ocrx_word' id='word_1_65' title='bbox 206 1060 373 1124; x_wconf 90' lang='lat' dir='ltr'>tormentis</span> <span class='ocrx_word' id='word_1_66' title='bbox 385 1073 419 1124; x_wconf 90' lang='lat' dir='ltr'>et</span> <span class='ocrx_word' id='word_1_67' title='bbox 432 1060 597 1124; x_wconf 87' lang='lat' dir='ltr'>calumniis</span> <span class='ocrx_word' id='word_1_68' title='bbox 611 1060 813 1146; x_wconf 84' lang='lat' dir='ltr'>perferendis.</span> <span class='ocrx_word' id='word_1_69' title='bbox 858 1061 955 1125; x_wconf 90' lang='lat' dir='ltr'>Certe</span> <span class='ocrx_word' id='word_1_70' title='bbox 968 1083 1032 1125; x_wconf 92' lang='lat' dir='ltr'>non</span> <span class='ocrx_word' id='word_1_71' title='bbox 1052 1061 1093 1126; x_wconf 92' lang='lat' dir='ltr'>de</span> <span class='ocrx_word' id='word_1_72' title='bbox 1113 1061 1183 1127; x_wconf 84' lang='lat' dir='ltr'>aliis</span> 
     </span>
     <span class='ocr_line' id='line_1_10' title="bbox 154 1145 1183 1232; baseline 0.009 -25"><span class='ocrx_word' id='word_1_73' title='bbox 154 1145 305 1230; x_wconf 89' lang='lat' dir='ltr'>quamde</span> <span class='ocrx_word' id='word_1_74' title='bbox 321 1145 509 1210; x_wconf 89' lang='lat' dir='ltr'>Christianis</span> <span class='ocrx_word' id='word_1_75' title='bbox 530 1145 605 1231; x_wconf 90' lang='lat' dir='ltr'>ipsis</span> <span class='ocrx_word' id='word_1_76' title='bbox 626 1146 695 1209; x_wconf 87' lang='lat' dir='ltr'>haec</span> <span class='ocrx_word' id='word_1_77' title='bbox 715 1145 809 1210; x_wconf 86' lang='lat' dir='ltr'>verba</span> <span class='ocrx_word' id='word_1_78' title='bbox 829 1145 1035 1232; x_wconf 79' lang='lat' dir='ltr'>intelligenda</span> <span class='ocrx_word' id='word_1_79' title='bbox 1047 1167 1130 1226; x_wconf 83' lang='lat' dir='ltr'>esse,</span> <span class='ocrx_word' id='word_1_80' title='bbox 1144 1169 1183 1216; x_wconf 86' lang='lat' dir='ltr'>ex</span> 
     </span>
     <span class='ocr_line' id='line_1_11' title="bbox 156 1230 1183 1317; baseline 0.005 -25"><span class='ocrx_word' id='word_1_81' title='bbox 156 1230 362 1316; x_wconf 87' lang='lat' dir='ltr'>sequentibus</span> <span class='ocrx_word' id='word_1_82' title='bbox 381 1244 519 1317; x_wconf 89' lang='lat' dir='ltr'>apparet.</span> <span class='ocrx_word' id='word_1_83' title='bbox 563 1231 645 1296; x_wconf 89' lang='lat' dir='ltr'>Petit</span> <span class='ocrx_word' id='word_1_84' title='bbox 664 1232 749 1294; x_wconf 87' lang='lat' dir='ltr'>enirn</span> <span class='ocrx_word' id='word_1_85' title='bbox 771 1231 811 1295; x_wconf 90' lang='lat' dir='ltr'>ab</span> <span class='ocrx_word' id='word_1_86' title='bbox 835 1231 1028 1317; x_wconf 87' lang='lat' dir='ltr'>Imperatore</span> <span class='ocrx_word' id='word_1_87' title='bbox 1051 1232 1183 1311; x_wconf 81' lang='lat' dir='ltr'>Melite,</span> 
     </span>
     <span class='ocr_line' id='line_1_12' title="bbox 157 1315 1182 1407; baseline 0.005 -29"><span class='ocrx_word' id='word_1_88' title='bbox 157 1328 195 1379; x_wconf 91' lang='lat' dir='ltr'>ut</span> <span class='ocrx_word' id='word_1_89' title='bbox 207 1315 461 1381; x_wconf 89' lang='lat' dir='ltr'>Christianorum</span> <span class='ocrx_word' id='word_1_90' title='bbox 476 1338 604 1380; x_wconf 88' lang='lat' dir='ltr'>causam</span> <span class='ocrx_word' id='word_1_91' title='bbox 619 1316 704 1403; x_wconf 88' lang='lat' dir='ltr'>prius</span> <span class='ocrx_word' id='word_1_92' title='bbox 718 1316 786 1407; x_wconf 83' lang='lat' dir='ltr'>ipse</span> <span class='ocrx_word' id='word_1_93' title='bbox 798 1337 854 1401; x_wconf 89' lang='lat' dir='ltr'>per</span> <span class='ocrx_word' id='word_1_94' title='bbox 868 1337 902 1379; x_wconf 86' lang='lat' dir='ltr'>se</span> <span class='ocrx_word' id='word_1_95' title='bbox 917 1315 1071 1401; x_wconf 90' lang='lat' dir='ltr'>dispicere</span> <span class='ocrx_word' id='word_1_96' title='bbox 1085 1330 1182 1404; x_wconf 84' lang='lat' dir='ltr'>atque</span> 
     </span>
     <span class='ocr_line' id='line_1_13' title="bbox 158 1400 1181 1486; baseline 0.004 -23"><span class='ocrx_word' id='word_1_97' title='bbox 158 1401 337 1466; x_wconf 84' lang='lat' dir='ltr'>examinare</span> <span class='ocrx_word' id='word_1_98' title='bbox 352 1400 425 1465; x_wconf 88' lang='lat' dir='ltr'>velit</span> <span class='ocrx_word' id='word_1_99' title='bbox 433 1427 444 1483; x_wconf 81' lang='lat'><em>3</em></span> <span class='ocrx_word' id='word_1_100' title='bbox 463 1414 531 1465; x_wconf 89' lang='lat' dir='ltr'>tum</span> <span class='ocrx_word' id='word_1_101' title='bbox 545 1402 659 1466; x_wconf 87' lang='lat' dir='ltr'>deinde</span> <span class='ocrx_word' id='word_1_102' title='bbox 674 1413 804 1480; x_wconf 86' lang='lat' dir='ltr'>statuat,</span> <span class='ocrx_word' id='word_1_103' title='bbox 817 1412 924 1465; x_wconf 89' lang='lat' dir='ltr'>utrurn</span> <span class='ocrx_word' id='word_1_104' title='bbox 940 1400 1098 1486; x_wconf 90' lang='lat' dir='ltr'>supplicio</span> <span class='ocrx_word' id='word_1_105' title='bbox 1113 1402 1181 1467; x_wconf 88' lang='lat' dir='ltr'>affi-</span> 
     </span>
     <span class='ocr_line' id='line_1_14' title="bbox 157 1485 1183 1573; baseline 0.005 -25"><span class='ocrx_word' id='word_1_106' title='bbox 157 1485 262 1552; x_wconf 92' lang='lat' dir='ltr'>ciendi</span> <span class='ocrx_word' id='word_1_107' title='bbox 282 1486 355 1566; x_wconf 86' lang='lat' dir='ltr'>sint,</span> <span class='ocrx_word' id='word_1_108' title='bbox 377 1508 417 1551; x_wconf 86' lang='lat' dir='ltr'>an</span> <span class='ocrx_word' id='word_1_109' title='bbox 441 1487 547 1573; x_wconf 91' lang='lat' dir='ltr'>potius</span> <span class='ocrx_word' id='word_1_110' title='bbox 569 1486 781 1551; x_wconf 88' lang='lat' dir='ltr'>conservandi.</span> <span class='ocrx_word' id='word_1_111' title='bbox 813 1488 1019 1550; x_wconf 71' lang='lat' dir='ltr'>Vannslus.</span> <span class='ocrx_word' id='word_1_112' title='bbox 1063 1486 1183 1553; x_wconf 89' lang='lat' dir='ltr'>Melito&#39;</span> 
     </span>
     <span class='ocr_line' id='line_1_15' title="bbox 157 1568 1182 1661; baseline 0.002 -26"><span class='ocrx_word' id='word_1_113' title='bbox 157 1571 199 1635; x_wconf 94' lang='lat' dir='ltr'>de</span> <span class='ocrx_word' id='word_1_114' title='bbox 212 1569 272 1637; x_wconf 85' lang='lat' dir='ltr'>hac</span> <span class='ocrx_word' id='word_1_115' title='bbox 289 1571 464 1654; x_wconf 85' lang='lat' dir='ltr'>constantia</span> <span class='ocrx_word' id='word_1_116' title='bbox 479 1573 565 1657; x_wconf 88' lang='lat' dir='ltr'>prius</span> <span class='ocrx_word' id='word_1_117' title='bbox 580 1572 711 1652; x_wconf 83' lang='lat' dir='ltr'>dixerat,</span> <span class='ocrx_word' id='word_1_118' title='bbox 725 1584 758 1635; x_wconf 91' lang='lat' dir='ltr'>et</span> <span class='ocrx_word' id='word_1_119' title='bbox 773 1582 847 1659; x_wconf 92' lang='lat' dir='ltr'>post</span> <span class='ocrx_word' id='word_1_120' title='bbox 861 1570 980 1650; x_wconf 88' lang='lat' dir='ltr'>scribit,</span> <span class='ocrx_word' id='word_1_121' title='bbox 994 1574 1041 1654; x_wconf 80' lang='grc' dir='ltr'>ἀφ’</span> <span class='ocrx_word' id='word_1_122' title='bbox 1055 1568 1090 1635; x_wconf 75' lang='grc' dir='ltr'>ὧν</span> <span class='ocrx_word' id='word_1_123' title='bbox 1107 1573 1131 1661; x_wconf 72' lang='lat' dir='ltr'>&#39;i</span> <span class='ocrx_word' id='word_1_124' title='bbox 1150 1575 1182 1637; x_wconf 71' lang='lat' dir='ltr'>vl</span> 
     </span>
     <span class='ocr_line' id='line_1_16' title="bbox 156 1655 1183 1746; baseline 0.006 -26"><span class='ocrx_word' id='word_1_125' title='bbox 156 1661 204 1732; x_wconf 78' lang='grc' dir='ltr'>τῆς</span> <span class='ocrx_word' id='word_1_126' title='bbox 217 1655 400 1738; x_wconf 71' lang='grc' dir='ltr'><strong><em>συκοφαντίας</em></strong></span> <span class='ocrx_word' id='word_1_127' title='bbox 413 1655 510 1743; x_wconf 71' lang='grc' dir='ltr'>ἀλόγῳ</span> <span class='ocrx_word' id='word_1_128' title='bbox 524 1656 653 1744; x_wconf 67' lang='grc' dir='ltr'>συνηθείᾳ</span> <span class='ocrx_word' id='word_1_129' title='bbox 665 1658 731 1743; x_wconf 68' lang='grc' dir='ltr'>περὶ</span> <span class='ocrx_word' id='word_1_130' title='bbox 750 1655 861 1724; x_wconf 67' lang='lat' dir='ltr'>Tot}</span> <span class='ocrx_word' id='word_1_131' title='bbox 880 1659 1119 1726; x_wconf 75' lang='grc' dir='ltr'><strong>ΤΟΙΟΥΊῸΥΣ</strong></span> <span class='ocrx_word' id='word_1_132' title='bbox 1136 1665 1183 1746; x_wconf 73' lang='grc' dir='ltr'>ῥυ·</span> 
     </span>
     <span class='ocr_line' id='line_1_17' title="bbox 156 1739 1182 1831; baseline 0.006 -27"><span class='ocrx_word' id='word_1_133' title='bbox 156 1746 214 1819; x_wconf 74' lang='lat' dir='ltr'>rivoq</span> <span class='ocrx_word' id='word_1_134' title='bbox 227 1739 382 1823; x_wconf 65' lang='grc' dir='ltr'>συμὸέὲηκε</span> <span class='ocrx_word' id='word_1_135' title='bbox 393 1743 499 1817; x_wconf 76' lang='grc' dir='ltr'>ψεῦδος.</span> <span class='ocrx_word' id='word_1_136' title='bbox 529 1743 612 1807; x_wconf 86' lang='lat' dir='ltr'>Mox</span> <span class='ocrx_word' id='word_1_137' title='bbox 626 1744 716 1806; x_wconf 85' lang='lat' dir='ltr'>abest</span> <span class='ocrx_word' id='word_1_138' title='bbox 729 1741 745 1819; x_wconf 73' lang='lat' dir='ltr'>l</span> <span class='ocrx_word' id='word_1_139' title='bbox 761 1741 886 1806; x_wconf 85' lang='lat' dir='ltr'>aMSto</span> <span class='ocrx_word' id='word_1_140' title='bbox 900 1740 990 1809; x_wconf 79' lang='lat' dir='ltr'>Bodl.</span> <span class='ocrx_word' id='word_1_141' title='bbox 1002 1754 1036 1807; x_wconf 89' lang='lat' dir='ltr'>et</span> <span class='ocrx_word' id='word_1_142' title='bbox 1048 1742 1070 1830; x_wconf 68' lang='lat' dir='ltr'>ii,</span> <span class='ocrx_word' id='word_1_143' title='bbox 1084 1747 1108 1806; x_wconf 77' lang='lat' dir='ltr'>ei</span> <span class='ocrx_word' id='word_1_144' title='bbox 1122 1765 1182 1831; x_wconf 89' lang='lat' dir='ltr'>pro</span> 
     </span>
     <span class='ocr_line' id='line_1_18' title="bbox 156 1825 1054 1914; baseline 0.002 -24"><span class='ocrx_word' id='word_1_145' title='bbox 156 1825 172 1907; x_wconf 74' lang='grc' dir='ltr'>*ἦ</span> <span class='ocrx_word' id='word_1_146' title='bbox 187 1826 287 1890; x_wconf 87' lang='lat' dir='ltr'>habet</span> <span class='ocrx_word' id='word_1_147' title='bbox 300 1826 375 1891; x_wconf 90' lang='lat' dir='ltr'>MS.</span> <span class='ocrx_word' id='word_1_148' title='bbox 390 1825 528 1912; x_wconf 82' lang='lat' dir='ltr'>Norfolc.</span> <span class='ocrx_word' id='word_1_149' title='bbox 543 1827 725 1914; x_wconf 81' lang='lat' dir='ltr'>legiturque</span> <span class='ocrx_word' id='word_1_150' title='bbox 736 1827 769 1890; x_wconf 93' lang='lat' dir='ltr'>in</span> <span class='ocrx_word' id='word_1_151' title='bbox 783 1848 823 1891; x_wconf 95' lang='lat' dir='ltr'>eo</span> <span class='ocrx_word' id='word_1_152' title='bbox 838 1828 888 1892; x_wconf 76' lang='grc' dir='ltr'>εἶεν</span> <span class='ocrx_word' id='word_1_153' title='bbox 902 1849 961 1913; x_wconf 92' lang='lat' dir='ltr'>pro</span> <span class='ocrx_word' id='word_1_154' title='bbox 977 1825 1054 1892; x_wconf 74' lang='grc' dir='ltr'><strong><em>εἰσίν.</em></strong></span> 
     </span>
    </p>

    <p class='ocr_par' dir='ltr' id='par_1_5' title="bbox 67 1910 1186 3080">
     <span class='ocr_line' id='line_1_19' title="bbox 200 1910 1182 2012; baseline 0.004 -37"><span class='ocrx_word' id='word_1_155' title='bbox 200 1910 282 1975; x_wconf 89' lang='lat' dir='ltr'>Ibid.</span> <span class='ocrx_word' id='word_1_156' title='bbox 296 1911 319 1976; x_wconf 92' lang='lat' dir='ltr'>l.</span> <span class='ocrx_word' id='word_1_157' title='bbox 335 1927 380 1974; x_wconf 86' lang='lat'>11.</span> <span class='ocrx_word' id='word_1_158' title='bbox 403 1916 487 1998; x_wconf 67' lang='grc' dir='ltr'>παρὰ</span> <span class='ocrx_word' id='word_1_159' title='bbox 506 1918 555 1978; x_wconf 78' lang='grc' dir='ltr'>σοῦ</span> <span class='ocrx_word' id='word_1_160' title='bbox 574 1917 612 1995; x_wconf 76' lang='grc' dir='ltr'>μὴ</span> <span class='ocrx_word' id='word_1_161' title='bbox 631 1912 668 1990; x_wconf 74' lang='grc' dir='ltr'>εἴη</span> <span class='ocrx_word' id='word_1_162' title='bbox 685 1921 699 1990; x_wconf 81' lang='grc' dir='ltr'><strong>ἡ</strong></span> <span class='ocrx_word' id='word_1_163' title='bbox 713 1915 799 1992; x_wconf 75' lang='grc' dir='ltr'>βουλὴ</span> <span class='ocrx_word' id='word_1_164' title='bbox 817 1911 900 2003; x_wconf 63' lang='lat' dir='ltr'>wien]</span> <span class='ocrx_word' id='word_1_165' title='bbox 916 1917 1001 2012; x_wconf 46' lang='lat' dir='ltr'>capsi</span> <span class='ocrx_word' id='word_1_166' title='bbox 1014 1919 1065 1978; x_wconf 77' lang='lat' dir='ltr'>cori</span> <span class='ocrx_word' id='word_1_167' title='bbox 1076 1914 1109 1978; x_wconf 73' lang='grc' dir='ltr'>τὸ</span> <span class='ocrx_word' id='word_1_168' title='bbox 1123 1922 1182 1979; x_wconf 73' lang='grc' dir='ltr'>σῶ-</span> 
     </span>
     <span class='ocr_line' id='line_1_20' title="bbox 152 1996 1183 2169; baseline 0.006 -24"><span class='ocrx_word' id='word_1_169' title='bbox 152 1996 689 2169; x_wconf 60' lang='lat' dir='ltr'>tatttutttffdtlnt‘</span> <span class='ocrx_word' id='word_1_170' title='bbox 703 1999 1183 2168; x_wconf 51' lang='lat' dir='ltr'>ltlttltttttstltsst</span> 
     </span>
     <span class='ocr_line' id='line_1_21' title="bbox 156 2166 1183 2265; baseline 0.002 -33"><span class='ocrx_word' id='word_1_171' title='bbox 156 2166 362 2265; x_wconf 72' lang='lat' dir='ltr'>Nicephorum</span> <span class='ocrx_word' id='word_1_172' title='bbox 375 2188 435 2231; x_wconf 84' lang='lat' dir='ltr'>vox</span> <span class='ocrx_word' id='word_1_173' title='bbox 448 2166 528 2249; x_wconf 70' lang='grc' dir='ltr'><em>μόνην</em></span> <span class='ocrx_word' id='word_1_174' title='bbox 541 2180 615 2255; x_wconf 89' lang='lat' dir='ltr'>post</span> <span class='ocrx_word' id='word_1_175' title='bbox 628 2168 715 2245; x_wconf 80' lang='grc' dir='ltr'><strong><em>δεήσιν</em></strong></span> <span class='ocrx_word' id='word_1_176' title='bbox 729 2179 778 2231; x_wconf 90' lang='lat' dir='ltr'>est</span> <span class='ocrx_word' id='word_1_177' title='bbox 792 2167 906 2253; x_wconf 88' lang='lat' dir='ltr'>posita.</span> <span class='ocrx_word' id='word_1_178' title='bbox 936 2169 1018 2234; x_wconf 82' lang='lat' dir='ltr'>Mox</span> <span class='ocrx_word' id='word_1_179' title='bbox 1030 2182 1107 2258; x_wconf 88' lang='lat' dir='ltr'>post</span> <span class='ocrx_word' id='word_1_180' title='bbox 1117 2169 1183 2265; x_wconf 67' lang='lat' dir='ltr'>xpl-</span> 
     </span>
     <span class='ocr_line' id='line_1_22' title="bbox 153 2251 1183 2358; baseline 0.003 -42"><span class='ocrx_word' id='word_1_181' title='bbox 153 2279 197 2358; x_wconf 48' lang='grc' dir='ltr'>τε</span> <span class='ocrx_word' id='word_1_182' title='bbox 221 2252 301 2318; x_wconf 83' lang='lat' dir='ltr'>tdem</span> <span class='ocrx_word' id='word_1_183' title='bbox 322 2252 412 2317; x_wconf 87' lang='lat' dir='ltr'>addit</span> <span class='ocrx_word' id='word_1_184' title='bbox 432 2251 569 2344; x_wconf 57' lang='grc' dir='ltr'>πρότερον,</span> <span class='ocrx_word' id='word_1_185' title='bbox 593 2274 629 2322; x_wconf 84' lang='lat' dir='ltr'>ac</span> <span class='ocrx_word' id='word_1_186' title='bbox 649 2274 708 2338; x_wconf 90' lang='lat' dir='ltr'>pro</span> <span class='ocrx_word' id='word_1_187' title='bbox 733 2253 803 2316; x_wconf 75' lang='grc' dir='ltr'>πολὺ</span> <span class='ocrx_word' id='word_1_188' title='bbox 826 2257 934 2336; x_wconf 80' lang='grc' dir='ltr'>μᾶλλον</span> <span class='ocrx_word' id='word_1_189' title='bbox 958 2253 1056 2318; x_wconf 88' lang='lat' dir='ltr'>habet</span> <span class='ocrx_word' id='word_1_190' title='bbox 1076 2260 1183 2347; x_wconf 52' lang='grc' dir='ltr'><strong>πολλᾷ</strong></span> 
     </span>
     <span class='ocr_line' id='line_1_23' title="bbox 154 2337 1182 2510; baseline 0.004 -23"><span class='ocrx_word' id='word_1_191' title='bbox 154 2351 282 2488; x_wconf 51' lang='lat' dir='ltr'>ftallidi.</span> <span class='ocrx_word' id='word_1_192' title='bbox 297 2337 606 2510; x_wconf 49' lang='lat' dir='ltr'>ldldloilndapdsipoiq</span> <span class='ocrx_word' id='word_1_193' title='bbox 629 2423 765 2510; x_wconf 76' lang='grc' dir='ltr'><strong><em>ἤκμασεν]</em></strong></span> <span class='ocrx_word' id='word_1_194' title='bbox 796 2425 847 2489; x_wconf 89' lang='lat' dir='ltr'>Sic</span> <span class='ocrx_word' id='word_1_195' title='bbox 871 2425 1015 2490; x_wconf 82' lang='lat' dir='ltr'>nominat</span> <span class='ocrx_word' id='word_1_196' title='bbox 1038 2425 1182 2506; x_wconf 78' lang='lat' dir='ltr'>Judae08,</span> 
     </span>
     <span class='ocr_line' id='line_1_24' title="bbox 155 2506 1186 2598; baseline 0.002 -24"><span class='ocrx_word' id='word_1_197' title='bbox 155 2508 241 2596; x_wconf 85' lang='lat' dir='ltr'>apud</span> <span class='ocrx_word' id='word_1_198' title='bbox 255 2531 335 2595; x_wconf 91' lang='lat' dir='ltr'>quos</span> <span class='ocrx_word' id='word_1_199' title='bbox 356 2509 494 2597; x_wconf 92' lang='lat' dir='ltr'>primum</span> <span class='ocrx_word' id='word_1_200' title='bbox 515 2521 623 2572; x_wconf 81' lang='lat' dir='ltr'>exorta</span> <span class='ocrx_word' id='word_1_201' title='bbox 638 2522 686 2573; x_wconf 92' lang='lat' dir='ltr'>est</span> <span class='ocrx_word' id='word_1_202' title='bbox 702 2506 883 2575; x_wconf 86' lang='lat' dir='ltr'>Christiana</span> <span class='ocrx_word' id='word_1_203' title='bbox 904 2510 1028 2597; x_wconf 85' lang='lat' dir='ltr'>religio.</span> <span class='ocrx_word' id='word_1_204' title='bbox 1071 2509 1186 2598; x_wconf 79' lang='lat' dir='ltr'>Atque</span> 
     </span>
     <span class='ocr_line' id='line_1_25' title="bbox 154 2593 1183 2681; baseline 0.003 -23"><span class='ocrx_word' id='word_1_205' title='bbox 154 2593 201 2658; x_wconf 93' lang='lat' dir='ltr'>ita</span> <span class='ocrx_word' id='word_1_206' title='bbox 224 2595 366 2681; x_wconf 89' lang='lat' dir='ltr'>loquitur</span> <span class='ocrx_word' id='word_1_207' title='bbox 391 2594 487 2658; x_wconf 89' lang='lat' dir='ltr'>etiam</span> <span class='ocrx_word' id='word_1_208' title='bbox 507 2593 651 2658; x_wconf 90' lang='lat' dir='ltr'>Justinus</span> <span class='ocrx_word' id='word_1_209' title='bbox 676 2593 708 2656; x_wconf 91' lang='lat' dir='ltr'>in</span> <span class='ocrx_word' id='word_1_210' title='bbox 733 2593 951 2681; x_wconf 84' lang='lat' dir='ltr'>Apologetico</span> <span class='ocrx_word' id='word_1_211' title='bbox 973 2595 1005 2660; x_wconf 94' lang='lat' dir='ltr'>ni</span> <span class='ocrx_word' id='word_1_212' title='bbox 1026 2594 1133 2675; x_wconf 88' lang='lat' dir='ltr'>fallor,</span> <span class='ocrx_word' id='word_1_213' title='bbox 1149 2610 1183 2662; x_wconf 91' lang='lat' dir='ltr'>et</span> 
     </span>
     <span class='ocr_line' id='line_1_26' title="bbox 157 2678 1184 2765; baseline 0.003 -22"><span class='ocrx_word' id='word_1_214' title='bbox 157 2678 307 2743; x_wconf 89' lang='lat' dir='ltr'>Clemens</span> <span class='ocrx_word' id='word_1_215' title='bbox 329 2681 490 2745; x_wconf 85' lang='lat' dir='ltr'>Romanus</span> <span class='ocrx_word' id='word_1_216' title='bbox 512 2679 544 2742; x_wconf 93' lang='lat' dir='ltr'>in</span> <span class='ocrx_word' id='word_1_217' title='bbox 564 2678 646 2742; x_wconf 92' lang='lat' dir='ltr'>libro</span> <span class='ocrx_word' id='word_1_218' title='bbox 663 2680 689 2742; x_wconf 90' lang='grc' dir='ltr'>Ι.</span> <span class='ocrx_word' id='word_1_219' title='bbox 705 2680 986 2765; x_wconf 84' lang='lat' dir='ltr'>Recognitionum.</span> <span class='ocrx_word' id='word_1_220' title='bbox 1030 2681 1119 2745; x_wconf 92' lang='lat' dir='ltr'>Hinc</span> <span class='ocrx_word' id='word_1_221' title='bbox 1134 2694 1184 2746; x_wconf 90' lang='lat' dir='ltr'>est</span> 
     </span>
     <span class='ocr_line' id='line_1_27' title="bbox 154 2763 1184 2854; baseline 0.002 -27"><span class='ocrx_word' id='word_1_222' title='bbox 154 2763 243 2849; x_wconf 90' lang='lat' dir='ltr'>quod</span> <span class='ocrx_word' id='word_1_223' title='bbox 257 2763 450 2850; x_wconf 89' lang='lat' dir='ltr'>Porphyrius</span> <span class='ocrx_word' id='word_1_224' title='bbox 468 2763 721 2828; x_wconf 89' lang='lat' dir='ltr'>Christianorum</span> <span class='ocrx_word' id='word_1_225' title='bbox 743 2780 862 2829; x_wconf 89' lang='lat' dir='ltr'>sectam</span> <span class='ocrx_word' id='word_1_226' title='bbox 884 2766 1022 2851; x_wconf 91' lang='lat' dir='ltr'>appellat</span> <span class='ocrx_word' id='word_1_227' title='bbox 1041 2765 1184 2854; x_wconf 70' lang='grc' dir='ltr'>βάςὸαρον</span> 
     </span>
     <span class='ocr_line' id='line_1_28' title="bbox 155 2848 1183 2936; baseline 0.003 -24"><span class='ocrx_word' id='word_1_228' title='bbox 155 2848 297 2929; x_wconf 76' lang='grc' dir='ltr'>τόλμημα.</span> <span class='ocrx_word' id='word_1_229' title='bbox 341 2849 448 2912; x_wconf 92' lang='lat' dir='ltr'>Locus</span> <span class='ocrx_word' id='word_1_230' title='bbox 470 2848 636 2936; x_wconf 91' lang='lat' dir='ltr'>Porphyrii</span> <span class='ocrx_word' id='word_1_231' title='bbox 658 2850 774 2913; x_wconf 87' lang='lat' dir='ltr'>citatur</span> <span class='ocrx_word' id='word_1_232' title='bbox 787 2850 828 2914; x_wconf 93' lang='lat' dir='ltr'>ab</span> <span class='ocrx_word' id='word_1_233' title='bbox 843 2850 983 2915; x_wconf 85' lang='lat' dir='ltr'>Eusebio</span> <span class='ocrx_word' id='word_1_234' title='bbox 996 2851 1030 2915; x_wconf 92' lang='lat' dir='ltr'>in</span> <span class='ocrx_word' id='word_1_235' title='bbox 1043 2850 1128 2915; x_wconf 91' lang='lat' dir='ltr'>libro</span> <span class='ocrx_word' id='word_1_236' title='bbox 1143 2851 1183 2915; x_wconf 87' lang='lat' dir='ltr'>vi.</span> 
     </span>
     <span class='ocr_line' id='line_1_29' title="bbox 67 2932 970 3080; baseline 0.002 -84"><span class='ocrx_word' id='word_1_237' title='bbox 67 2942 73 2956; x_wconf 89' lang='lat'>&#39;</span> <span class='ocrx_word' id='word_1_238' title='bbox 154 2932 251 3080; x_wconf 56' lang='lat' dir='ltr'>huqus</span> <span class='ocrx_word' id='word_1_239' title='bbox 266 2933 370 3019; x_wconf 86' lang='lat' dir='ltr'>operis</span> <span class='ocrx_word' id='word_1_240' title='bbox 389 2937 470 3019; x_wconf 89' lang='lat' dir='ltr'>(cap.</span> <span class='ocrx_word' id='word_1_241' title='bbox 481 2934 557 3014; x_wconf 88' lang='lat' dir='ltr'>xix.)</span> <span class='ocrx_word' id='word_1_242' title='bbox 576 2955 649 3020; x_wconf 86' lang='lat' dir='ltr'>pag.</span> <span class='ocrx_word' id='word_1_243' title='bbox 662 2949 730 2998; x_wconf 69' lang='lat'>220.</span> <span class='ocrx_word' id='word_1_244' title='bbox 764 2937 970 3000; x_wconf 74' lang='lat' dir='ltr'>Vnnnsws.</span> 
     </span>
    </p>

    <p class='ocr_par' dir='ltr' id='par_1_6' title="bbox 154 3017 1184 3254">
     <span class='ocr_line' id='line_1_30' title="bbox 216 3017 1184 3103; baseline 0.002 -21"><span class='ocrx_word' id='word_1_245' title='bbox 216 3017 281 3082; x_wconf 89' lang='lat' dir='ltr'>bid.</span> <span class='ocrx_word' id='word_1_246' title='bbox 295 3018 318 3082; x_wconf 92' lang='lat' dir='ltr'>l.</span> <span class='ocrx_word' id='word_1_247' title='bbox 334 3025 379 3082; x_wconf 87' lang='lat'>16.</span> <span class='ocrx_word' id='word_1_248' title='bbox 401 3023 455 3093; x_wconf 84' lang='grc' dir='ltr'><em>τοῖς</em></span> <span class='ocrx_word' id='word_1_249' title='bbox 469 3022 525 3094; x_wconf 83' lang='grc' dir='ltr'><em>σοῖς</em></span> <span class='ocrx_word' id='word_1_250' title='bbox 540 3018 641 3103; x_wconf 72' lang='grc' dir='ltr'>ἔθνεσι]</span> <span class='ocrx_word' id='word_1_251' title='bbox 656 3020 763 3083; x_wconf 89' lang='lat' dir='ltr'>Vertit</span> <span class='ocrx_word' id='word_1_252' title='bbox 783 3021 927 3099; x_wconf 85' lang='lat' dir='ltr'>Rufinus,</span> <span class='ocrx_word' id='word_1_253' title='bbox 942 3018 1124 3084; x_wconf 72' lang='lat' dir='ltr'>introducta</span> <span class='ocrx_word' id='word_1_254' title='bbox 1137 3030 1184 3084; x_wconf 85' lang='lat' dir='ltr'>est</span> 
     </span>
     <span class='ocr_line' id='line_1_31' title="bbox 154 3104 1183 3192; baseline 0.004 -26"><span class='ocrx_word' id='word_1_255' title='bbox 154 3114 258 3168; x_wconf 82' lang='lat' dir='ltr'>autem</span> <span class='ocrx_word' id='word_1_256' title='bbox 272 3104 366 3168; x_wconf 80' lang='lat' dir='ltr'>etiam</span> <span class='ocrx_word' id='word_1_257' title='bbox 380 3105 528 3168; x_wconf 85' lang='lat' dir='ltr'>Romonoe</span> <span class='ocrx_word' id='word_1_258' title='bbox 549 3115 659 3168; x_wconf 70' lang='lat' dir='ltr'>vestrae</span> <span class='ocrx_word' id='word_1_259' title='bbox 677 3105 905 3185; x_wconf 81' lang='lat' dir='ltr'>conversationi,</span> <span class='ocrx_word' id='word_1_260' title='bbox 921 3105 1010 3192; x_wconf 87' lang='lat' dir='ltr'>quasi</span> <span class='ocrx_word' id='word_1_261' title='bbox 1031 3104 1183 3170; x_wconf 87' lang='lat' dir='ltr'>nimirum</span> 
     </span>
     <span class='ocr_line' id='line_1_32' title="bbox 154 3189 384 3254; baseline 0 -2"><span class='ocrx_word' id='word_1_262' title='bbox 154 3189 229 3254; x_wconf 75' lang='grc' dir='ltr'><strong><em>ἔθεσι</em></strong></span> <span class='ocrx_word' id='word_1_263' title='bbox 243 3191 274 3254; x_wconf 89' lang='lat' dir='ltr'>le</span> <span class='ocrx_word' id='word_1_264' title='bbox 299 3191 384 3253; x_wconf 85' lang='lat' dir='ltr'>isset.</span> 
     </span>
    </p>

    <p class='ocr_par' dir='ltr' id='par_1_7' title="bbox 69 3212 1184 4289">
     <span class='ocr_line' id='line_1_33' title="bbox 198 3212 1182 3363; baseline 0.002 -24"><span class='ocrx_word' id='word_1_265' title='bbox 198 3212 585 3360; x_wconf 68' lang='lat' dir='ltr'>P.11gr.l.a.ye&#39;yoroi;re</span> <span class='ocrx_word' id='word_1_266' title='bbox 608 3277 654 3340; x_wconf 69' lang='grc' dir='ltr'>καὶ</span> <span class='ocrx_word' id='word_1_267' title='bbox 680 3275 727 3363; x_wconf 72' lang='grc' dir='ltr'>ἔσῃ</span> <span class='ocrx_word' id='word_1_268' title='bbox 749 3279 822 3360; x_wconf 77' lang='grc' dir='ltr'>μετὰ</span> <span class='ocrx_word' id='word_1_269' title='bbox 845 3283 892 3339; x_wconf 81' lang='grc' dir='ltr'>τοῦ</span> <span class='ocrx_word' id='word_1_270' title='bbox 914 3276 1028 3362; x_wconf 71' lang='grc' dir='ltr'>παιδὸς]</span> <span class='ocrx_word' id='word_1_271' title='bbox 1046 3279 1095 3340; x_wconf 82' lang='lat' dir='ltr'>Ex</span> <span class='ocrx_word' id='word_1_272' title='bbox 1117 3274 1182 3341; x_wconf 86' lang='lat' dir='ltr'>hoc</span> 
     </span>
     <span class='ocr_line' id='line_1_34' title="bbox 153 3358 1183 3448; baseline 0.002 -25"><span class='ocrx_word' id='word_1_273' title='bbox 153 3358 228 3424; x_wconf 92' lang='lat' dir='ltr'>loco</span> <span class='ocrx_word' id='word_1_274' title='bbox 241 3381 281 3446; x_wconf 89' lang='lat' dir='ltr'>ap</span> <span class='ocrx_word' id='word_1_275' title='bbox 305 3372 372 3423; x_wconf 88' lang='lat' dir='ltr'>aret</span> <span class='ocrx_word' id='word_1_276' title='bbox 385 3360 576 3426; x_wconf 86' lang='lat' dir='ltr'>Melitonern</span> <span class='ocrx_word' id='word_1_277' title='bbox 591 3362 785 3448; x_wconf 89' lang='lat' dir='ltr'>Episcopum</span> <span class='ocrx_word' id='word_1_278' title='bbox 801 3360 998 3446; x_wconf 86' lang='lat' dir='ltr'>Apologiam</span> <span class='ocrx_word' id='word_1_279' title='bbox 1015 3383 1106 3425; x_wconf 83' lang='lat' dir='ltr'>suam</span> <span class='ocrx_word' id='word_1_280' title='bbox 1121 3360 1183 3425; x_wconf 93' lang='lat' dir='ltr'>ob·</span> 
     </span>
     <span class='ocr_line' id='line_1_35' title="bbox 153 3381 1183 3531; baseline 0.001 -23"><span class='ocrx_word' id='word_1_281' title='bbox 153 3444 262 3508; x_wconf 89' lang='lat' dir='ltr'>tulisse</span> <span class='ocrx_word' id='word_1_282' title='bbox 281 3381 331 3508; x_wconf 79' lang='lat' dir='ltr'>lt.</span> <span class='ocrx_word' id='word_1_283' title='bbox 346 3445 511 3509; x_wconf 85' lang='lat' dir='ltr'>Antonino</span> <span class='ocrx_word' id='word_1_284' title='bbox 532 3461 606 3531; x_wconf 90' lang='lat' dir='ltr'>post</span> <span class='ocrx_word' id='word_1_285' title='bbox 627 3462 762 3511; x_wconf 88' lang='lat' dir='ltr'>mortem</span> <span class='ocrx_word' id='word_1_286' title='bbox 783 3445 907 3510; x_wconf 86' lang='lat' dir='ltr'>Aurelii</span> <span class='ocrx_word' id='word_1_287' title='bbox 920 3446 1007 3509; x_wconf 92' lang='lat' dir='ltr'>Veri.</span> <span class='ocrx_word' id='word_1_288' title='bbox 1050 3447 1139 3510; x_wconf 86' lang='lat' dir='ltr'>Nam</span> <span class='ocrx_word' id='word_1_289' title='bbox 1154 3446 1183 3510; x_wconf 91' lang='lat' dir='ltr'>si</span> 
     </span>
     <span class='ocr_line' id='line_1_36' title="bbox 153 3529 1184 3618; baseline 0.003 -25"><span class='ocrx_word' id='word_1_290' title='bbox 153 3529 321 3615; x_wconf 89' lang='lat' dir='ltr'>superstite</span> <span class='ocrx_word' id='word_1_291' title='bbox 335 3529 440 3594; x_wconf 88' lang='lat' dir='ltr'>adhuc</span> <span class='ocrx_word' id='word_1_292' title='bbox 455 3529 589 3594; x_wconf 85' lang='lat' dir='ltr'>Aurelio</span> <span class='ocrx_word' id='word_1_293' title='bbox 602 3533 701 3608; x_wconf 90' lang='lat' dir='ltr'>Vero,</span> <span class='ocrx_word' id='word_1_294' title='bbox 715 3532 892 3595; x_wconf 89' lang='lat' dir='ltr'>orationem</span> <span class='ocrx_word' id='word_1_295' title='bbox 908 3530 990 3596; x_wconf 88' lang='lat' dir='ltr'>hanc</span> <span class='ocrx_word' id='word_1_296' title='bbox 1005 3530 1184 3618; x_wconf 87' lang='lat' dir='ltr'>scripsisset</span> 
     </span>
     <span class='ocr_line' id='line_1_37' title="bbox 69 3614 1182 3701; baseline 0.001 -23"><span class='ocrx_word' id='word_1_297' title='bbox 69 3661 74 3667; x_wconf 74' lang='lat'><strong>·</strong></span> <span class='ocrx_word' id='word_1_298' title='bbox 154 3614 283 3694; x_wconf 81' lang='lat' dir='ltr'>Melite,</span> <span class='ocrx_word' id='word_1_299' title='bbox 296 3615 490 3680; x_wconf 91' lang='lat' dir='ltr'>mentionem</span> <span class='ocrx_word' id='word_1_300' title='bbox 513 3615 597 3679; x_wconf 90' lang='lat' dir='ltr'>illius</span> <span class='ocrx_word' id='word_1_301' title='bbox 620 3616 831 3701; x_wconf 88' lang='lat' dir='ltr'>proculdubio</span> <span class='ocrx_word' id='word_1_302' title='bbox 853 3615 980 3680; x_wconf 87' lang='lat' dir='ltr'>fecisset</span> <span class='ocrx_word' id='word_1_303' title='bbox 1001 3616 1064 3680; x_wconf 90' lang='lat' dir='ltr'>hoc</span> <span class='ocrx_word' id='word_1_304' title='bbox 1085 3614 1182 3695; x_wconf 86' lang='lat' dir='ltr'>loco;</span> 
     </span>
     <span class='ocr_line' id='line_1_38' title="bbox 154 3699 1183 3784; baseline 0.004 -22"><span class='ocrx_word' id='word_1_305' title='bbox 154 3711 188 3762; x_wconf 90' lang='lat' dir='ltr'>et</span> <span class='ocrx_word' id='word_1_306' title='bbox 204 3720 264 3784; x_wconf 91' lang='lat' dir='ltr'>pro</span> <span class='ocrx_word' id='word_1_307' title='bbox 282 3701 384 3765; x_wconf 87' lang='lat' dir='ltr'>verbis</span> <span class='ocrx_word' id='word_1_308' title='bbox 403 3699 465 3764; x_wconf 90' lang='lat' dir='ltr'>illis</span> <span class='ocrx_word' id='word_1_309' title='bbox 483 3705 556 3782; x_wconf 79' lang='grc' dir='ltr'>μετὰ</span> <span class='ocrx_word' id='word_1_310' title='bbox 569 3708 617 3763; x_wconf 83' lang='grc' dir='ltr'>τοῦ</span> <span class='ocrx_word' id='word_1_311' title='bbox 630 3703 741 3779; x_wconf 66' lang='grc' dir='ltr'>παιδὸς,</span> <span class='ocrx_word' id='word_1_312' title='bbox 755 3701 885 3765; x_wconf 86' lang='lat' dir='ltr'>dixisset</span> <span class='ocrx_word' id='word_1_313' title='bbox 901 3702 1031 3766; x_wconf 93' lang='lat' dir='ltr'>omnino</span> <span class='ocrx_word' id='word_1_314' title='bbox 1045 3706 1120 3784; x_wconf 75' lang='grc' dir='ltr'>μετὰ</span> <span class='ocrx_word' id='word_1_315' title='bbox 1133 3709 1183 3766; x_wconf 77' lang='grc' dir='ltr'>τοῦ</span> 
     </span>
     <span class='ocr_line' id='line_1_39' title="bbox 153 3785 1182 3872; baseline 0.006 -27"><span class='ocrx_word' id='word_1_316' title='bbox 153 3785 281 3866; x_wconf 72' lang='grc' dir='ltr'>ἀδελφοῦ.</span> <span class='ocrx_word' id='word_1_317' title='bbox 325 3787 412 3850; x_wconf 89' lang='lat' dir='ltr'>Nam</span> <span class='ocrx_word' id='word_1_318' title='bbox 426 3787 464 3850; x_wconf 91' lang='lat' dir='ltr'>L.</span> <span class='ocrx_word' id='word_1_319' title='bbox 479 3786 629 3850; x_wconf 83' lang='lat' dir='ltr'>Aurelius</span> <span class='ocrx_word' id='word_1_320' title='bbox 644 3786 739 3850; x_wconf 88' lang='lat' dir='ltr'>frater</span> <span class='ocrx_word' id='word_1_321' title='bbox 753 3787 815 3850; x_wconf 90' lang='lat' dir='ltr'>fuit</span> <span class='ocrx_word' id='word_1_322' title='bbox 828 3786 994 3872; x_wconf 89' lang='lat' dir='ltr'>adoptivus</span> <span class='ocrx_word' id='word_1_323' title='bbox 1008 3788 1051 3850; x_wconf 92' lang='lat' dir='ltr'>D.</span> <span class='ocrx_word' id='word_1_324' title='bbox 1064 3786 1182 3852; x_wconf 85' lang='lat' dir='ltr'>Marci.</span> 
     </span>
     <span class='ocr_line' id='line_1_40' title="bbox 155 3868 1182 3956; baseline 0.002 -24"><span class='ocrx_word' id='word_1_325' title='bbox 155 3868 240 3933; x_wconf 89' lang='lat' dir='ltr'>Cum</span> <span class='ocrx_word' id='word_1_326' title='bbox 256 3869 355 3956; x_wconf 85' lang='lat' dir='ltr'>igitur</span> <span class='ocrx_word' id='word_1_327' title='bbox 368 3870 471 3935; x_wconf 89' lang='lat' dir='ltr'>solum</span> <span class='ocrx_word' id='word_1_328' title='bbox 487 3870 592 3934; x_wconf 91' lang='lat' dir='ltr'>Marci</span> <span class='ocrx_word' id='word_1_329' title='bbox 604 3871 759 3935; x_wconf 90' lang='lat' dir='ltr'>Antonini</span> <span class='ocrx_word' id='word_1_330' title='bbox 775 3871 885 3950; x_wconf 86' lang='lat' dir='ltr'>filiurn,</span> <span class='ocrx_word' id='word_1_331' title='bbox 898 3870 1118 3936; x_wconf 91' lang='lat' dir='ltr'>Commodum</span> <span class='ocrx_word' id='word_1_332' title='bbox 1134 3871 1182 3935; x_wconf 92' lang='lat' dir='ltr'>vi-</span> 
     </span>
     <span class='ocr_line' id='line_1_41' title="bbox 153 3952 1183 4041; baseline 0.005 -24"><span class='ocrx_word' id='word_1_333' title='bbox 153 3952 272 4018; x_wconf 88' lang='lat' dir='ltr'>delicet</span> <span class='ocrx_word' id='word_1_334' title='bbox 297 3954 350 4019; x_wconf 94' lang='lat' dir='ltr'>hic</span> <span class='ocrx_word' id='word_1_335' title='bbox 372 3970 600 4020; x_wconf 88' lang='lat' dir='ltr'>commemoret</span> <span class='ocrx_word' id='word_1_336' title='bbox 629 3956 757 4034; x_wconf 87' lang='lat' dir='ltr'>Melito,</span> <span class='ocrx_word' id='word_1_337' title='bbox 782 3969 934 4041; x_wconf 90' lang='lat' dir='ltr'>optetque</span> <span class='ocrx_word' id='word_1_338' title='bbox 959 3968 997 4020; x_wconf 94' lang='lat' dir='ltr'>ut</span> <span class='ocrx_word' id='word_1_339' title='bbox 1019 3978 1094 4020; x_wconf 90' lang='lat' dir='ltr'>cum</span> <span class='ocrx_word' id='word_1_340' title='bbox 1123 3955 1183 4021; x_wconf 92' lang='lat' dir='ltr'>illo</span> 
     </span>
     <span class='ocr_line' id='line_1_42' title="bbox 152 4039 1182 4126; baseline 0.002 -22"><span class='ocrx_word' id='word_1_341' title='bbox 152 4062 250 4126; x_wconf 86' lang='lat' dir='ltr'>quam</span> <span class='ocrx_word' id='word_1_342' title='bbox 261 4039 438 4105; x_wconf 90' lang='lat' dir='ltr'>diutissime</span> <span class='ocrx_word' id='word_1_343' title='bbox 453 4040 587 4126; x_wconf 88' lang='lat' dir='ltr'>imperet</span> <span class='ocrx_word' id='word_1_344' title='bbox 599 4042 730 4106; x_wconf 88' lang='lat' dir='ltr'>Marcus</span> <span class='ocrx_word' id='word_1_345' title='bbox 737 4067 748 4121; x_wconf 87' lang='lat'>3</span> <span class='ocrx_word' id='word_1_346' title='bbox 763 4041 966 4105; x_wconf 87' lang='lat' dir='ltr'>manifestum</span> <span class='ocrx_word' id='word_1_347' title='bbox 982 4052 1041 4120; x_wconf 92' lang='lat' dir='ltr'>est,</span> <span class='ocrx_word' id='word_1_348' title='bbox 1053 4053 1091 4104; x_wconf 93' lang='lat' dir='ltr'>ut</span> <span class='ocrx_word' id='word_1_349' title='bbox 1102 4040 1182 4120; x_wconf 86' lang='lat' dir='ltr'>dixi,</span> 
     </span>
     <span class='ocr_line' id='line_1_43' title="bbox 151 4123 1180 4224; baseline 0.002 -37"><span class='ocrx_word' id='word_1_350' title='bbox 151 4124 236 4190; x_wconf 92' lang='lat' dir='ltr'>hunc</span> <span class='ocrx_word' id='word_1_351' title='bbox 249 4123 501 4224; x_wconf 72' lang='lat' dir='ltr'>Apologeticum</span> <span class='ocrx_word' id='word_1_352' title='bbox 516 4137 590 4210; x_wconf 89' lang='lat' dir='ltr'>post</span> <span class='ocrx_word' id='word_1_353' title='bbox 604 4139 740 4190; x_wconf 88' lang='lat' dir='ltr'>mortem</span> <span class='ocrx_word' id='word_1_354' title='bbox 758 4129 797 4191; x_wconf 93' lang='lat' dir='ltr'>L.</span> <span class='ocrx_word' id='word_1_355' title='bbox 813 4126 890 4191; x_wconf 87' lang='lat' dir='ltr'>Veri</span> <span class='ocrx_word' id='word_1_356' title='bbox 905 4128 1021 4191; x_wconf 86' lang='lat' dir='ltr'>Marco</span> <span class='ocrx_word' id='word_1_357' title='bbox 1034 4125 1180 4190; x_wconf 89' lang='lat' dir='ltr'>oblatum</span> 
     </span>
     <span class='ocr_line' id='line_1_44' title="bbox 151 4208 1182 4289; baseline -0.001 -14"><span class='ocrx_word' id='word_1_358' title='bbox 151 4209 258 4277; x_wconf 82' lang='lat' dir='ltr'>fuisse.</span> <span class='ocrx_word' id='word_1_359' title='bbox 312 4208 445 4277; x_wconf 85' lang='lat' dir='ltr'>Proinde</span> <span class='ocrx_word' id='word_1_360' title='bbox 470 4210 502 4279; x_wconf 91' lang='lat' dir='ltr'>iu</span> <span class='ocrx_word' id='word_1_361' title='bbox 530 4210 659 4275; x_wconf 89' lang='lat' dir='ltr'>Eusebii</span> <span class='ocrx_word' id='word_1_362' title='bbox 686 4210 850 4285; x_wconf 87' lang='lat' dir='ltr'>Chronico</span> <span class='ocrx_word' id='word_1_363' title='bbox 874 4226 961 4278; x_wconf 90' lang='lat' dir='ltr'>recte</span> <span class='ocrx_word' id='word_1_364' title='bbox 988 4210 1020 4276; x_wconf 94' lang='lat' dir='ltr'>id</span> <span class='ocrx_word' id='word_1_365' title='bbox 1045 4211 1182 4289; x_wconf 73' lang='lat' dir='ltr'>refertup</span> 
     </span>
    </p>
   </div>
   <div class='ocr_carea' id='block_1_3' title="bbox 0 0 1362 4748">
    <p class='ocr_par' dir='ltr' id='par_1_8' title="bbox 0 0 1362 4748">
     <span class='ocr_line' id='line_1_45' title="bbox 0 0 1362 4748; baseline 0 1"><span class='ocrx_word' id='word_1_366' title='bbox 0 0 1362 4748; x_wconf 95' lang='lat' dir='ltr'> </span> 
     </span>
    </p>
   </div>
  </div>
 </body>
</html>
