2716 4748
370 274 423 341 IN
443 271 714 340 ARISTONEM
737 272 981 341 PELLAEUM.
1152 297 1194 363 99

152 440 285 509 toritate
311 440 490 507 eorundem
518 441 689 508 inductum
719 441 775 522 ait,
800 442 1008 528 desumptum
1033 441 1197 508 Aristonis

152 526 373 615 Fragmentum
395 547 466 591 esse
488 549 529 591 ex
549 528 684 593 historia
704 526 851 592 orientali
872 528 914 594 ab
931 549 972 592 eo
990 528 1194 613 conscripta3

153 632 216 676 neo
238 608 397 677 dissentiit
421 612 464 677 cl.
488 611 611 677 Keilius
632 613 665 676 in
685 613 784 678 Notis
806 613 848 677 ad
870 612 1095 677 Harlesianam
1117 613 1195 677 edit.

153 692 353 761 Fabricium
364 694 568 761 Bibliothecae
581 697 639 761 Gr.
655 710 736 762 tom.
745 697 797 763 vii.
810 717 843 783 p.
856 711 923 773 157.
947 696 1012 761 Sed
1026 710 1101 761 nata
1114 697 1196 765 mibi

151 793 210 847 est
223 780 377 866 suspicio,
392 795 523 866 sumpte
540 782 648 845 Musis
662 782 723 847 ista
736 803 776 845 ex
791 781 880 845 nulia
895 780 929 847 id
943 802 1047 867 genus
1062 781 1197 845 historia

151 864 267 943 fidsoe,
292 863 349 929 sed
376 878 502 930 tantum
530 887 572 931 ex
596 866 791 944 Eusebiana,
816 888 890 951 quae
915 865 1046 1013 ‹puidem
1070 866 1197 929 auctori

152 948 239 1017 bene
253 951 448 1028 innotuerat,
460 949 540 1014 dum
553 965 670 1015 caetera
682 949 723 1014 ad
738 972 788 1014 res
803 950 927 1015 orienta
939 972 973 1014 es
987 951 1163 1035 spectantia
1176 972 1196 1018 a

152 1034 254 1099 Mose
263 1034 350 1120 ipso,
364 1033 415 1099 vel
430 1033 472 1097 ab
488 1035 553 1099 elio
568 1036 732 1121 quopiam,
748 1034 886 1101 admista
905 1046 990 1098 sunt.
1027 1036 1071 1099 Et
1087 1034 1195 1098 consi·

152 1118 350 1203 milis-apud
376 1117 463 1182 hunc
486 1132 652 1185 auctorem
674 1119 807 1198 fraudis,
829 1141 887 1183 seu
909 1119 1065 1197 vanitatis,
1086 1139 1197 1183 exem·

151 1202 258 1289 plum,
273 1203 464 1289 suspicionis
476 1225 559 1270 mese
575 1204 739 1272 firmanda
753 1225 861 1281 causa,
874 1203 1033 1268 adducam
1041 1226 1050 1280 3
1066 1202 1095 1272 is
1108 1203 1196 1271 enim

151 1287 261 1385 capite
287 1299 337 1361 72.
363 1286 466 1372 ejusd.
493 1288 568 1354 libri
599 1288 784 1353 Firmiliano
813 1288 932 1355 celebri
962 1286 1196 1374 Cappadocum

151 1391 310 1457 episcopo
338 1393 421 1457 opus
444 1371 485 1437 de
508 1373 652 1439 ecclesiae
680 1372 957 1459 persecutionibus
980 1372 1137 1449 attribuit,
1163 1372 1197 1440 in

176 1478 223 1527 uo
244 1477 361 1541 regum
382 1478 514 1546 quoque
535 1470 606 1522 acta
628 1457 828 1524 Firmiliauus
848 1457 1049 1521 subtexuisse
1067 1455 1200 1523 dicitur.-

151 1476 195 1605 iln
210 1540 273 1606 hae
285 1554 394 1606 autem
414 1541 559 1620 historia,
575 1542 726 1608 omnibus
739 1541 906 1621 hactenus,
922 1563 1015 1627 aeque
1030 1553 1127 1627 atque
1141 1539 1198 1605 illa

151 1624 330 1704 Aristonis,
350 1624 474 1711 ignota,
497 1627 630 1693 Retrum
656 1640 784 1692 sextum
810 1625 972 1692 decimum
992 1623 1197 1695 Alexandriae

152 1709 346 1795 episcopum
364 1726 448 1775 anno
463 1731 550 1776 nono
564 1711 739 1777 vexationis
752 1711 943 1810 martyrium
960 1711 1105 1789 subiisse,
1119 1731 1196 1778 auc·

151 1807 208 1859 tor
222 1795 296 1873 fuit,
309 1794 410 1860 modo
424 1808 463 1861 ut
481 1796 572 1860 Mosi
586 1795 709 1876 credas,
724 1797 938 1864 Firmiltanus.
982 1795 1196 1863 Verissimum

150 1874 262 1957 idest,
272 1892 306 1944 et
316 1880 359 1953 ab
372 1879 513 1947 Eusebio
527 1880 661 1967 quidem
671 1894 899 1960 memoratum,
911 1879 1046 1945 subiisse
1058 1901 1098 1944 eo
1112 1902 1198 1944 anno

153 1963 290 2033 Petrum
310 1965 515 2051 martyrium,
536 1965 595 2031 sed
616 1966 732 2031 falsum
755 1979 817 2045 est,
839 1965 1003 2051 scripsisse
1024 1964 1105 2031 illud
1127 1964 1197 2034 Fir-

149 2047 335 2127 milianum,
357 2048 425 2135 qui,
442 2049 560 2118 eodem
581 2064 728 2117 narrante
749 2050 902 2129 Eusebio,
918 2050 975 2114 lib.
988 2049 1042 2113 vii.
1062 2071 1133 2134 cap,
1146 2063 1197 2115 30.

148 2132 373 2219 quadraginta
396 2148 471 2199 ante
496 2134 588 2202 annis
612 2135 677 2199 vita
703 2135 893 2203 decesserat.
945 2134 1034 2198 Hinc
1059 2146 1198 2213 constat,

150 2217 287 2283 Morem
310 2218 373 2284 ista
394 2217 526 2305 quidem
547 2218 589 2284 de
613 2221 707 2285 Petro
730 2219 960 2298 Alexandrino,
982 2219 1024 2283 ab
1045 2219 1198 2297 Eusebio,

153 2322 223 2367 uon
236 2308 264 2367 a'
283 2301 481 2383 Firmiliano,
495 2316 681 2370 mutuatum
695 2304 805 2382 fuisse,
818 2303 936 2367 additis
954 2303 1085 2369 simula
1101 2305 1199 2371 Mose

148 2384 241 2487 ipso,
251 2386 301 2537 νῖ]
315 2387 358 2454 ab
373 2386 439 2456 alio
451 2389 617 2479 quopiam,
629 2390 724 2453 rebus
739 2388 781 2453 ad
797 2387 965 2455 historiam
980 2387 1112 2454 orientis
1125 2409 1200 2480 per·

151 2472 276 2539 tuenti
297 2494 348 2539 us.
722 2488 725 2497 ·

200 2556 237 2621 P·
249 2571 302 2635 92.
317 2555 340 2621 l.
351 2566 383 2635 7.
404 2558 507 2637 'Apiros
526 2567 539 2618 ὅ
558 2567 686 2628 Πελλαῖος
704 2555 797 2639 iropsi]
818 2555 964 2641 Scaliger
983 2554 1018 2619 in
1039 2552 1199 2625 Animad-

150 2641 357 2707 ,versionibus
380 2641 423 2705 ad
444 2641 578 2706 Eusebii
604 2640 792 2706 Chronicon
815 2661 891 2725 pag.
912 2646 982 2704 216.
1010 2661 1075 2705 non
1099 2639 1200 2705 modo

153 2724 241 2805 bac,
256 2725 313 2791 sed
327 2739 361 2791 et
375 2725 592 2811 praecedentia
604 2726 680 2793 loco
693 2725 793 2790 citato
812 2724 944 2790 Eusebii
958 2725 1000 2788 ab
1015 2724 1085 2790 istis
1099 2725 1199 2806 aepa-

154 2836 259 2885 σαντος
279 2811 308 2873 δὲ
335 2817 385 2874 τοῦ
413 2810 555 2893 πολέμου,
583 2824 737 2896 tanquam
764 2809 928 2875 Aristonis
949 2810 1045 2876 verba
1069 2809 1199 2894 allegat,

155 2894 225 2961 Sed
245 2915 311 2980 ego
332 2916 372 2961 ea
392 2908 517 2962 tantum
541 2918 614 2980 quae
637 2895 690 2959 hic
712 2894 819 2981 posui,
834 2895 901 2957 imo
922 2893 1030 2979 potius
1043 2892 1106 2958 ista
1120 2892 1201 2971 sola,

155 3002 232 3079 qme
249 2980 376 3058 Italico,
390 2993 429 3044 ut
443 2979 508 3044 dici
521 2980 616 3058 solet,
629 2980 813 3044 charactere
834 2999 985 3064 expressa
1005 2992 1092 3055 sunt,
1109 2982 1203 3063 (pau-

155 3065 289 3133 cissima
298 3064 404 3143 verba,
413 3064 488 3129 odeo
497 3063 694 3143 ute-liceret,
705 3064 751 3131 ita
762 3062 950 3131 distinxerat
959 3063 1111 3144 Grabius)
1124 3061 1201 3133 ,Ari-

157 3149 262 3215 atonis
282 3150 380 3213 verba
399 3170 469 3214 esse
489 3148 642 3236 conjicio,
661 3149 737 3235 quia
757 3147 1002 3225 Tertullianum,
1016 3146 1074 3211 lib.
1089 3159 1203 3213 contra

156 3234 294 3303 Judaeos
313 3254 385 3319 cap.
403 3247 450 3301 13.
472 3233 587 3301 iisdem
607 3233 680 3298 illos
697 3234 917 3318 alloquentem
939 3231 1087 3316 reperio:
1113 3228 1202 3299 Voltis

154 3334 217 3403 pro
231 3315 353 3385 meritis
365 3317 476 3383 vestris
486 3329 560 3402 post
574 3317 835 3405 obpugnationem
850 3316 1051 3387 Hierusalem
1062 3314 1202 3400 prohibi

159 3403 204 3467 tis
218 3402 343 3490 ingredi
356 3402 520 3471 interram
539 3413 684 3480 vestrum,
699 3402 738 3465 de
754 3400 861 3488 longia
886 3424 922 3468 uo
938 3424 1007 3466 com
1020 3399 1115 3465 oraclis
1130 3410 1201 3469 lun-

159 3501 230 3553 tum
243 3488 347 3555 uidere
387 3486 548 3555 armatum
563 3498 619 3554 est,
664 3488 732 3552 Ubi
747 3423 1086 3557 tamenierturtanus
1101 3506 1202 3571 nega-

158 3572 259 3641 tivam
274 3573 309 3636 in
375 3573 542 3640 rmativam
557 3572 725 3650 convertit,
739 3586 777 3635 ut
795 3572 913 3637 misera
926 3571 997 3635 haec
1011 3570 1202 3639 Judaeorum

158 3657 230 3721 fata
252 3657 315 3723 ada
337 3669 422 3721 taret
450 3657 629 3742 prophetiae
658 3657 774 3735 Esaiae,
802 3661 885 3741 (cap.
908 3654 1016 3722 xxxiii.
1045 3676 1126 3723 vers.
1153 3668 1201 3737 17.

154 3740 254 3827 juxta
266 3678 372 3809 erX.
388 3743 602 3827 interpretum
617 3741 806 3822 versionem)
819 3740 1005 3805 immediate
1016 3752 1092 3804 ante
1105 3738 1207 3809 citate-

159 3826 259 3891 verba
271 3827 314 3892 ab
326 3847 368 3890 eo
383 3825 550 3913 allegatae:
576 3824 668 3890 Oculi
681 3825 776 3889 uestri
791 3824 937 3889 videbunt
952 3835 1068 3888 terram
1082 3823 1121 3888 de
1135 3823 1203 3893 lon·

157 3909 292 4011 ginqao.
334 3913 411 3998 Qua
429 3911 464 3979 in
483 3932 518 3974 re
536 3910 591 3977 ille
610 3933 676 3974 non
695 3910 802 3977 solum
819 3909 949 3974 decreto
965 3909 1133 3987 Hadriani,
1147 3907 1205 3977 sed

159 4008 197 4065 et
211 3996 272 4062 arbi
287 3995 348 4081 ipsi
363 3995 541 4060 contrarius
555 4008 615 4073 est,
625 3995 702 4081 quia
715 3994 813 4080 paulo
825 4007 899 4058 ante
908 3994 1024 4057 eodem
1035 3994 1140 4078 capite
1155 4007 1201 4059 13.

159 4081 310 4166 scripsit:
332 4080 661 4156 internumerare
681 4079 715 4142 in
736 4078 863 4164 corfinio
887 4079 984 4163 ipsius
1002 4078 1136 4164 regionis
1149 4075 1203 4145 de·

159 4175 301 4237 moretur
321 4165 487 4255 quisquam
500 4162 696 4241 Judceorum,
711 4175 746 4229 ut
762 4164 948 4255 torqueque
962 4174 1039 4226 esset
1053 4158 1205 4249 adimples

654 4263 714 4317 ua
