2716 4748
64 1726 69 1737 ·
147 1706 368 1771 ·=nectionem
382 1704 536 1771 interfuit.

77 398 80 405 ,
161 348 252 423 ,02
504 284 965 433 omnmo
993 268 1055 387 ,-
1097 266 1211 295 ··

173 456 1244 605 ,mnjqndixsrltrliosunthnaltdm'rtimprnpn2

187 578 1227 777 affil'llmllmflb’ffi

189 756 284 841 drxrt,
297 756 510 849 qmdrugrntn
527 770 606 863 patro
618 757 953 863 comprehendantur?
975 758 1101 825 Venor
1118 758 1227 863 itaqu

183 856 243 951 'est
261 859 446 947 nostrorum
465 842 616 947 oodreum
635 856 804 949 norrptura,
818 866 916 999 mm
935 844 1227 947 Mmenlpsbpm

189 930 639 1119 pelirppentpp'opeusppgdffer
764 1036 830 1117 este
841 928 1228 1119 pumilesmtt

186 1100 297 1191 plures
303 1128 319 1184 ,·
339 1100 398 1203 plu
411 1102 623 1193 qundrngrnto
637 1100 727 1168 loros
739 1100 868 1169 ἅηιπιω
878 1112 910 1169 at
921 1112 1096 1191 nomnen
1106 1116 1227 1207 oonpr-

185 1198 306 1271 turrter,
318 1186 400 1254 dm
412 1210 502 1255 suum
515 1197 669 1256 statuunt.
695 1184 882 1255 Constrtuta
889 1208 961 1277 Jun
972 1186 1121 1255 lectione
1133 1186 1227 1279 huju

181 1274 268 1356 loci,
282 1272 324 1341 ad
337 1274 424 1341 illius
436 1274 669 1363 expositionem
682 1273 858 1341 veniamur.
898 1274 960 1340 Ait
970 1271 1077 1361 igitur
1087 1274 1227 1343 trent:

191 1360 352 1451 quosdam
375 1358 588 1463 quodraginta
615 1358 777 1463 continuis
803 1358 892 1463 horis
917 1358 1044 1427 diurnis
1068 1358 1171 1427 simul
1190 1380 1229 1427 at

189 1445 357 1551 npeurrrus
376 1468 561 1549 jejunasse..
595 1446 679 1511 Sunt
691 1468 759 1597 llil
779 1456 975 1527 moment,
1001 1444 1228 1549 lupe-‹punda-

183 1546 288 1629 grnta
297 1532 449 1599 horarum
475 1552 619 1599 sumum
634 1530 678 1597 ab
768 1530 964 1599 celebratum
983 1530 1090 1597 fursee
1109 1554 1147 1599 ur
1164 1554 1229 1599 mo·

64 1818 69 1825 ·
183 1792 273 1857 'citer
287 1788 519 1941 puadragintn:
539 1788 583 1891 ab
602 1788 684 1855 hora
701 1724 826 1855 roffi
843 1800 934 1855 sextu
953 1804 1162 1877 parumn,
1173 1782 1226 1879 ni·

185 1894 290 1977 'quea
331 1874 645 1978 drluonlumprlmae
662 1874 765 1977 ferraet
804 1875 880 1978 Ego
891 1894 979 1956 vero,
992 1872 1081 1941 illud
1094 1874 1226 1965 qunrba·

188 1959 649 2112 asserturus
663 1959 1227 2149 alternaretur:

62 2136 68 2157 ¹
191 2152 231 2198 se
244 2130 401 2212 noctium,
438 2131 534 2199 uibus
548 2130 700 2199 Christus
713 2132 747 2198 in
760 2130 939 2233 solitudine
941 2130 1118 2221 js‘umvit.
1144 2134 1225 2201 Nm

191 2238 268 2283 eum
281 2228 404 2285 veteres
459 2216 659 2285 ‘Christum
678 2216 833 2285 omnibus
850 2216 957 2285 modu
1024 2218 1105 2285 itari
1123 2218 1225 2303 stude-

190 2314 277 2385 rent,¹
291 2297 454 2392 jejunium
472 2302 555 2370 illud
573 2302 786 2393 quadraginta
798 2301 936 2383 dierum,
950 2302 1042 2391 quod
1056 2306 1158 2392 supr‘o
1169 2302 1223 2371 bu·

191 2406 302 2454 manas
317 2390 396 2454 vires
410 2406 490 2470 erat,
503 2391 567 2454 hoe
582 2389 694 2454 saltem
710 2388 921 2476 quadraginta
935 2390 1092 2455 horarum
1105 2390 1222 2491 jejunio

184 2476 435 2540 aemulabantur.
478 2476 554 2540 Tria
573 2475 723 2562 igiturex
738 2475 800 2540 hoo
818 2475 930 2540 lrenaei
944 2475 1019 2541 loeo
1034 2477 1222 2563 collrgnmus.

183 2561 337 2637 vPrimum
351 2574 411 2641 est,
420 2559 583 2650 jejunium
597 2559 835 2647 ante-pasehale
844 2560 913 2649 jam
929 2560 1006 2626 inde
1018 2562 1064 2626 ab
1078 2562 1223 2650 apostoli·

190 2646 238 2712 cis
252 2647 453 2733 temporibus
467 2668 594 2733 semper
612 2647 645 2710 in
666 2646 800 2711 eeclesia
817 2647 973 2712 usitatum
987 2646 1103 2712 fuisse.
1137 2644 1223 2713 Alte·

191 2754 277 2812 rum,
295 2733 457 2820 jejunium
482 2732 562 2798 illud
588 2732 621 2796 in
647 2730 802 2797 honorem
827 2732 1086 2820 quadragesimae
1111 2733 1225 2798 Christi

192 2817 292 2882 fuisse
306 2818 514 2883 celebratum.
561 2820 738 2897 Postremo,
752 2819 836 2882 varie
850 2841 869 2882 a
883 2818 976 2883 variis
991 2819 1093 2882 fuisse
1101 2819 1223 2908 jejuna·

192 2912 275 2966 tum.
318 2902 453 2987 Semper
475 2914 582 2968 autem
604 2904 786 2968 meminisse
807 2903 974 2981 debemus,
995 2906 1157 2970 Irenaeum
1177 2903 1224 2969 hie

191 2986 283 3073 loqui
304 2986 344 3051 de
360 2987 487 3074 jejunio
509 2989 784 3075 superpositionis,
800 2989 889 3076 quod
908 3011 965 3077 per
979 3011 1135 3077 maguam
1149 2990 1223 3055 heb-

192 3070 363 3136 domadam
379 3094 398 3136 a
414 3073 604 3138 Christianis
618 3075 849 3140 celebrabatur.
888 3075 1041 3140 Ceterum
1058 3076 1159 3141 semel
1173 3075 1224 3140 ad·

192 3159 292 3224 misso
315 3157 526 3224 hebdomadis
545 3160 703 3245 paschalis
719 3160 856 3248 jejunio,
871 3161 969 3225 etiam
984 3161 1230 3249 quadragesima,

191 3244 389 3309 admittenda
403 3258 462 3309 est.
506 3247 593 3310 Nam
614 3244 790 3311 hebdomas
810 3246 980 3332 paschalis,
995 3268 1070 3333 pars
1087 3261 1137 3313 est
1151 3269 1240 3334 qua-p

191 3329 394 3479 dragesimae.
436 3331 488 3395 Ao
502 3331 661 3395 interdum
678 3332 809 3416 quidem
828 3331 990 3420 jejunium
1005 3331 1094 3398 illius
1108 3333 1226 3400 hebdo-

182 3426 248 3478 ‘ma
270 3415 297 3478 is
311 3415 467 3517 distingui
481 3416 624 3480 videmus
637 3439 657 3480 a
670 3416 795 3504 jejunio
809 3417 1078 3504 quadragesim,
1093 3433 1133 3485 ut
1144 3418 1227 3507 apud

68 3512 73 3521 ‘
192 3498 411 3586 Epiphanlum
440 3525 472 3567 m
500 3502 698 3588 expositrone
725 3501 822 3583 fidei3
850 3502 936 3589 apud
963 3501 1170 3569 Clementem
1196 3524 1227 3580 m

193 3584 476 3651 constitutionibus
491 3587 686 3673 apostolicis.
731 3587 795 3652 Sed
808 3602 842 3653 et
856 3602 944 3654 vetus
959 3601 1076 3654 auctor
1092 3591 1127 3655 in
1146 3605 1226 3657 trac·

192 3682 265 3734 tatu
276 3687 389 3736 contra
400 3674 532 3736 Graecos
546 3694 642 3759 quem
654 3672 755 3737 edidit
770 3675 883 3740 Petrus
895 3674 1076 3740 Steuartius
1091 3676 1125 3740 in
1141 3691 1226 3741 tomo

193 3755 348 3841 singulari
362 3756 534 3843 insignium
551 3774 719 3825 auctorum
735 3780 810 3846 pag.
820 3775 889 3838 599.
901 3758 942 3825 de
952 3760 1079 3826 Graecis
1093 3762 1141 3827 ita
1155 3762 1226 3826 scri·

193 3840 253 3908 bit.
290 3843 355 3906 Nee
368 3843 638 3930 quadragesimam
652 3843 805 3908 celebrant
815 3871 828 3923 ,·
850 3866 919 3909 oum
932 3845 1177 3936 quadragesima
1189 3846 1230 3913 sit·

184 3925 346 4020 jejunium
361 3928 571 4015 quodraginta
586 3930 715 3992 dierum.
758 3930 822 4014 Ipsi
836 3954 904 3994 veru
918 3933 1068 4017 majorem
1083 3934 1226 4018 septimu-

193 4034 268 4075 nnm
290 4035 309 4076 a
332 4035 455 4077 numero
477 4014 726 4101 quadragesima
746 4015 944 4098 secludentes,
959 4038 1013 4080 sen
1033 4015 1227 4087 daldoowdr't

195 4097 465 4184 quadragesimum
487 4099 645 4167 claudunt.
684 4101 742 4164 Tot
765 4101 846 4164 enim
868 4111 981 4177 sunto
999 4101 1107 4188 primu
1127 4125 1226 4168 eorum

195 4182 378 4267 septimana,
394 4206 489 4270 usqne
505 4185 546 4248 ad
558 4184 719 4250 sabbatum
734 4187 816 4284 quod
830 4186 1010 4272 pobnnram
1022 4211 1127 4253 ramos
1143 4204 1226 4275 prce·

195 4269 289 4352 cedit,
322 4270 359 4345 ln
374 4291 432 4358 quo
448 4269 716 4350 universalitati
730 4271 797 4339 attis
810 4283 980 4347 ematur.-
1010 4273 1094 4364 Quoe
1112 4275 1226 4341 animo
