2716 4748
158 313 207 382 ,34
403 363 410 377 ,
480 291 860 375 ,ΑΝΝΟΤΑΤΙΟΝΕΒ
936 314 939 319 ·

163 461 392 550 cognominem
413 462 500 531 hunc
521 484 616 530 suum
637 465 759 553 Ephesi
777 466 977 554 episcopum.
1022 463 1073 534 Ibi
1095 464 1198 534 edam

72 586 75 595 ·
162 549 273 614 statim
288 562 363 635 post
376 549 442 615 duo
452 549 621 617 Aristonea
636 551 783 640 Smyrnae
797 574 816 617 e
838 552 941 638 iscopi
954 549 1052 619 fuisse
1064 555 1195 619 intran-

160 648 225 714 tur,
240 657 378 722 quorum
392 635 529 701 alterum
542 637 721 723 suspicatur
733 574 913 704 Cotelerius
925 636 1025 707 fuitne
1034 636 1195 703 oelebrem

162 719 268 806 Papiae
282 720 490 787 Aristionem.
514 723 568 787 De
581 723 645 787 hoe
660 736 769 789 autem
780 720 1048 822 Martyrologr'um
1062 722 1195 789 Roman.

158 805 201 871 ad
214 820 254 871 22
269 806 361 871 Febr.
384 804 557 879 Salaminoe
578 807 611 871 ιἰι
631 808 735 896 Cypro
757 806 857 874 sancti
870 806 1051 888 Aristonis,
1068 807 1138 896 qui,
1158 820 1196 874 ut

162 891 244 955 idem
270 894 321 957 Pa
343 891 391 974 ior
419 903 562 974 testatur,
580 892 655 979 filit
682 916 761 959 unus
788 892 827 958 de
853 903 960 978 septus
984 892 1196 959 inremotus

161 975 280 1042 curisti
325 969 472 1128 receptilis.
494 1001 527 1066 p.
545 993 610 1044 100.
626 977 679 1043 ed.
696 980 813 1046 Venet.
835 985 920 1044 1630.
954 915 1005 1045 fta
1019 978 1194 1066 Μονίμνοί.

159 1062 236 1150 quia
250 1062 282 1127 in
297 1063 355 1129 illo
383 1086 445 1147 oco
461 1055 572 1162 Papias
583 1085 659 1128 eum
672 1064 790 1150 pariter
802 1065 1068 1152 atqueJoannem
1082 1062 1196 1129 Senio·

160 1170 227 1214 rem
241 1148 318 1214 disci
340 1149 408 1215 υίοσ
422 1148 552 1214 Domini
564 1149 716 1236 appellat.

71 1280 74 1285 -
203 1235 238 1297 P.
254 1249 300 1298 13.
314 1164 381 1313 ίς).
402 1235 521 1321 Μάρκος
537 1235 588 1318 μὲν
605 1239 762 1322 ίρμηνευτῆς
780 1234 903 1324 Πίτςυυ]
921 1234 1075 1301 Marcum
1091 1234 1193 1299 inter*-

182 1334 282 1385 retem
309 1320 393 1386 Petri
417 1334 522 1407 vocat
536 1318 634 1401 etiam
658 1321 880 1409 Hieronymus
903 1321 937 1385 in
959 1318 1134 1406 catalogo,
1154 1339 1195 1384 ex

31 1418 34 1422 ’
156 1342 221 1469 boe
238 1405 343 1492 Papiae
356 1406 444 1485 loeo,
457 1420 495 1472 ut
509 1405 634 1492 opinor.
664 1406 752 1472 Hinc
766 1421 826 1485 est,
838 1405 925 1493 quod
938 1405 1082 1492 plerique
1095 1405 1192 1470 Grae·

157 1512 272 1555 eorum
287 1492 395 1558 Marci
413 1483 625 1578 Evangelium
640 1513 660 1557 a
673 1494 767 1558 Petro
782 1491 938 1559 dictatum
953 1512 1023 1559 esse
1037 1490 1192 1556 scribunt.

155 1576 208 1641 Ita
232 1575 430 1643 Athanasius
454 1578 488 1643 in
517 1591 656 1644 tractatu
683 1577 724 1643 de
749 1577 838 1643 libris
873 1598 971 1641 sacrae
1004 1575 1192 1663 Scriptura.

153 1654 256 1813 §uod
278 1663 445 1748 quomodo
466 1663 566 1728 intelli
611 1662 712 1728 ndum
727 1663 778 1741 sit,
791 1662 889 1727 docet
903 1663 957 1727 hic
971 1661 1076 1748 Papiae
1088 1661 1192 1727 loeus.

190 1768 273 1833 eque
287 1747 374 1812 enim
392 1748 538 1813 existima
583 1770 639 1812 um
659 1762 719 1825 est,
735 1750 887 1813 Marcum
907 1769 948 1811 ex
966 1768 1022 1812 ore
1040 1745 1193 1813 dictantis

156 1829 240 1896 Petri
260 1824 472 1921 Evangelium
492 1855 587 1898 suum
608 1834 791 1920 excepisse:
814 1833 871 1897 sed
891 1842 968 1898 cum
987 1833 1116 1900 Petrum
1132 1853 1192 1899 011·

154 1917 256 1983 disset
273 1919 406 1984 verbum
427 1919 492 1983 Dei
510 1917 635 1984 Judaeis
656 1920 817 1984 Hebra'iee
837 1918 1077 2004 predicantem,
1092 1918 1192 1985 'Mar-

101 2026 103 2029 ·
154 2025 232 2069 cum
255 2003 304 2067 sin
331 2003 384 2069 ula
406 2026 479 2091 quae
499 2003 541 2069 ad
561 2002 726 2071 Christum
750 2003 964 2091 pertinebant,
983 2001 1128 2068 studiose
1142 2002 1193 2069 di·

59 2146 75 2177 ..
197 2089 291 2154 ssisse
304 2026 424 2156 Cresco
438 2110 595 2155 sermone.
628 2090 836 2155 Vnnasrus.
878 2090 958 2156 Alio
972 2101 1104 2176 quoque
1116 2086 1193 2154 loeo

145 2110 325 2257 {trebius
337 2197 435 2262 supra
447 2171 504 2240 lib.
513 2174 546 2239 ii.
559 2198 589 2240 e.
602 2189 648 2239 15.
662 2189 836 2261 postquam
849 2173 889 2239 de
904 2173 1010 2239 Marci
1023 2178 1102 2240 erari
1145 2172 1192 2241 lio

154 2260 358 2327 Clementem
372 2259 624 2327 Alexandrinum
640 2274 757 2325 testem
771 2260 958 2339 adduxerat,
973 2257 1037 2324 boe
1055 2195 1191 2339 addidit,

152 2346 254 2433 quod,
269 2347 387 2412 rectius
407 2369 504 2434 quam
525 2346 590 2426 alii,
604 2340 752 2412 Valesius
773 2368 793 2411 a
813 2347 1019 2432 sequentibus
1040 2344 1192 2434 sejunxit,

152 2459 250 2497 συνετε
292 2436 385 2520 propri
398 2427 419 2494 δ’
436 2429 511 2516 αὐτῷ
531 2434 578 2495 καί
596 2437 609 2495 ὅ
625 2425 813 2519 Ἱεραπολίτης
832 2432 979 2507 ἐπίσκοπος
993 2431 1105 2514 ὀνόμασι
1120 2436 1191 2495 Πα-

150 2518 228 2594 ντίας.
282 2541 374 2584 erum
388 2515 430 2582 ad
444 2518 532 2583 nulla
545 2518 608 2582 alia
620 2518 716 2582 verba
731 2517 975 2604 Papiae‚-praeter
988 2538 1027 2580 ea
1040 2516 1104 2581 hoo
1119 2515 1192 2602 ipso

150 2604 227 2671 loco
249 2597 356 2682 allata,
375 2597 440 2667 illie
459 2625 473 2666 s
497 2617 603 2667 eetare
625 2604 812 2683 Eusebium,
826 2617 935 2669 censet
953 2602 995 2667 el.
1008 2600 1191 2680 Lardnerus

152 2690 205 2754 De
219 2687 312 2753 Ευαιι
338 2686 450 2752 ,Ηὶελ
469 2626 561 2767 lide,
584 2690 617 2752 P.
634 2690 679 2751 11.
699 2688 761 2752 vol.
780 2691 807 2752 Ι.
822 2712 851 2755 c.
863 2691 904 2754 ix.
922 2691 952 2771 ξ.
968 2703 998 2752 2.
1038 2685 1191 2752 Clemens

152 2774 285 2862 quidem
308 2711 353 2837 ibi
374 2772 481 2836 Marci
500 2773 700 2861 evangelium
721 2774 941 2840 Romanorum
958 2785 1076 2859 rogatu
1090 2772 1191 2859 scrip·

70 2916 73 2921 .
151 2875 222 2924 tum
240 2857 348 2938 fuisse,
365 2873 429 2922 eta
445 2858 538 2924 Petro
552 2859 666 2923 exinde
679 2859 929 2940 eomfimratum,
944 2858 1000 2923 ait.
1030 2858 1116 2925 Qute
1130 2864 1192 2924 au*-

151 2958 217 3010 tem
241 2967 327 3009 nunc
350 2964 490 3029 appono,
505 2965 544 3008 ea
565 2957 651 3009 certe
670 2943 873 3011 Clementem
895 2945 1002 3010 solum
1020 2952 1191 3009 auctorem

152 3053 249 3094 suurn
265 3028 447 3107 habebant3
468 3033 525 3092 Τοῦ
545 3028 572 3093 δὲ
591 3029 711 3117 Μάρκου
729 3031 900 3115 μνημονεύειν
917 3033 964 3094 τὸν
983 3028 1093 3118 Πέτρον
1110 3032 1190 3116 ξυνῇ

152 3116 280 3204 προτέρᾳ
295 3119 419 3223 ἐτνξολῇ,
433 3114 463 3192 ἢν
474 3114 642 3224 ιὲρυντιίξυν
656 3118 738 3199 φασίν
755 3119 795 3182 ἐπ’
815 3121 898 3193 αὐτῆς
911 3115 1026 3199 Ῥώμης·
1047 3113 1191 3197 σημαίνειν

57 3212 62 3220 ’
151 3229 183 3265 τε
201 3206 274 3266 τοῦτ’
289 3205 381 3280 αὐτον,
398 3204 446 3278 τὴν
466 3217 553 3265 στολιν
571 3201 752 3287 τοσικυίτερον
772 3199 928 3267 Bodotriam
945 3200 1191 3290 operabamini

152 3286 265 3351 τούτων·
286 3286 460 3368 ’Acestem
471 3291 543 3368 ὑμᾶς
557 3294 572 3364 ἡ
587 3289 613 3349 ἐν
627 3286 772 3352 Buduntini
786 3291 965 3366 συνεκλεκτὴ,
979 3289 1027 3351 καί
1040 3285 1191 3372 Μάρκοςὸ

46 3392 52 3401 ·
152 3372 206 3447 υἱός
218 3398 284 3456 μου.
308 3373 424 3460 Operae
439 3373 577 3457 pretium
591 3371 704 3437 fuisset
716 3372 766 3436 his
780 3373 909 3451 addere,
924 3393 1050 3438 narrare
1063 3393 1191 3437 sacram

152 3459 343 3545 scripturam
365 3457 499 3522 Paulum
518 3458 701 3542 apostolum
721 3455 830 3524 Romae
848 3457 927 3523 dum
948 3468 1069 3545 ageret,
1084 3456 1191 3522 habu·

152 3544 214 3609 isse
236 3545 387 3609 Marcum
409 3563 572 3608 unacum
593 3538 663 3608 aliis
684 3542 867 3632 adjutorem
888 3565 995 3623 sunm,
1032 3540 1190 3627 uod‘ipse

154 3627 269 3695 Paulus
292 3626 387 3693 docet
407 3628 441 3691 in
462 3627 606 3714 epistolis
620 3628 661 3692 ad
677 3624 896 3709 ColossenseS,
911 3643 1008 3779 atque
1049 3626 1190 3693 hilemo·

153 3737 242 3793 nem3
254 3726 372 3778 etcum
384 3713 525 3778 seeundo
538 3713 584 3778 ad'
592 3715 703 3778 urbem
714 3717 860 3795 venisset,
871 3738 890 3780 a
902 3715 935 3778 S.
971 3712 1117 3778 imothe‘o
1129 3733 1189 3800 pe-

99 3796 103 3811 *
145 3800 270 3878 ¹titisse,
281 3813 318 3863 ut
329 3798 468 3864 eundem
481 3795 632 3865 Marcum
644 3821 751 3864 secum
763 3801 948 3879 adduceret,
959 3814 978 3863 2
989 3798 1074 3864 Tim.
1084 3798 1126 3864 i'v.
1138 3813 1188 3863 11.

150 3884 179 3951 si
192 3880 315 3951 eertum
332 3898 415 3948 esset
427 3885 656 3971 evangelistam
670 3907 750 3966 esse,
764 3888 819 3974 qui
833 3887 883 3951 his
897 3886 976 3950 locis
989 3884 1199 3970 designetur..

197 3969 279 4035 Ibid.
294 3969 316 4034 l.
333 3985 378 4033 10.
400 3974 438 4032 τοὶ
452 3974 501 4033 ὑπὸ
515 3979 563 4034 τοῦ
579 3975 683 4059 Χριςοῢ
703 3971 719 4051 ἢ
738 3972 894 4058 λεχθέντα]
914 3976 952 4035 τοὶ
968 3972 1017 4033 ὑπὸ
1030 3974 1067 4038 tri
1081 3969 1187 4056 Κυρίου

151 4056 294 4144 λεχθέντα
314 4054 382 4120 sine
401 4054 418 4132 ἢ
434 4055 481 4119 ed.
504 4055 610 4141 Stept.
625 4055 702 4122 MS.
715 4057 855 4145 Norfolc.
871 4056 1002 4142 Rufinm
1024 4077 1071 4119 υε.
1100 4055 1187 4120 Mox

150 4141 322 4228 Maepham
337 4141 448 4206 abesse
461 4144 513 4216 τὰς
527 4156 601 4206 ante
615 4143 796 4218 διδασκαλίας
811 4157 902 4208 notat
917 4078 1103 4206 Strotlrius:

195 4227 380 4330 Ibid.l.'15.
401 4227 518 4314 λογίαν]
537 4227 632 4295 Hauc
650 4250 762 4295 vocem
778 4251 839 4319 pro
852 4228 945 4317 λόγον
959 4249 1000 4295 ex
1013 4225 1060 4292 ed.
1077 4221 1202 4313 δευρί.
