2716 4748
84 411 92 427 ,
171 302 991 377 tuanrsr.v1suusu.mnuununsu.
1033 328 1098 395 309

56 501 123 544 νννν.
167 479 254 544 Cum
279 478 365 543 enim
390 477 471 542 servi
494 476 763 556 Christianorum,
784 491 874 542 metu
894 477 1095 545 cruciatuum

57 563 230 649 perterriti,
242 560 438 628 infanticidia
451 575 486 626 et
498 563 636 637 incestos
648 564 839 627 concubitus
852 561 892 626 de
905 562 1096 627 Christianis
1120 572 1122 577 '

54 649 198 713 confessi
218 661 334 726 essent,
356 647 506 712 studebat
527 649 671 725 Satanas,
683 661 723 710 ut
741 647 914 711 Christiani
929 647 985 733 qui
1003 668 1095 717 oom-
1182 724 1184 728 Α

57 732 209 817 prehensi
229 733 355 797 fuerant
375 731 537 818 ejusmodi
560 732 734 796 calumnias
756 734 789 796 in
810 731 997 817 religionem
1019 754 1095 807 nos·

57 831 143 881 tram
167 817 331 883 'notarent
375 817 505 903 Quippe
522 815 650 902 judices
670 817 758 880 omni
780 829 1015 881 tormentorum
1037 839 1096 902 ge·

57 922 135 965 nere
156 840 358 966 Christianos
380 901 550 986 urgebant,
568 915 606 965 ut
625 901 802 988 Thyesteas
824 900 976 986 quasdam
1000 923 1095 965 cenas

55 998 93 1049 et
112 985 254 1050 incestos
273 984 466 1049 concubitus
487 986 574 1072 apud
595 1007 630 1050 se
656 985 766 1072 peragi
790 987 973 1050 faterentur.
1018 987 1095 1085 Quo

55 1083 185 1155 spectat
193 1069 255 1134 illa
266 1091 328 1134 vox
341 1068 519 1148 Blandinae,
531 1071 565 1134 in
578 1071 692 1134 mediis
705 1069 900 1134 cruciatibus
914 1070 992 1134 nihil
1006 1071 1095 1135 ahud

56 1153 281 1241 proloquentis
301 1176 399 1240 quam
416 1154 599 1219 Christiana
619 1176 713 1218 sum:
735 1155 813 1218 nihil
835 1154 922 1240 apud
942 1176 1000 1218 nos
1019 1156 1096 1219 mali

101 1239 192 1303 ritur.
232 1241 341 1303 Potest
355 1238 451 1302 etiam
466 1239 547 1304 illud
562 1241 609 1302 sal
624 1241 654 1303 δι’
671 1239 786 1317 ἐκείνων,
802 1239 910 1302 referri
926 1240 973 1302 ad,
982 1239 1094 1303 decem

55 1258 144 1401 ᾖσε,
158 1324 214 1410 qui
228 1323 320 1387 initio
334 1324 565 1409 persecutionis
584 1325 671 1410 capti
690 1325 834 1388 animum
846 1324 1094 1408 desponderant.

55 1405 376 1493 christophorsonus
392 1408 625 1494 blasphemiam
639 1423 752 1472 contra
771 1429 891 1472 nomen
910 1407 1032 1472 Christi
1047 1409 1097 1472 in·

55 1491 204 1578 telligere
225 1491 350 1558 maluit.
378 1494 587 1557 Vntssws.
634 1494 753 1556 Faverit
774 1493 887 1556 saltem
911 1493 987 1555 huic
1010 1493 1096 1556 vocis

55 1575 243 1658 βλοσονμνις
263 1576 517 1662 interpretationi
542 1577 648 1655 verba,
673 1598 746 1663 quae
768 1577 850 1640 infra
871 1576 912 1639 ad
933 1597 1008 1662 pag.
1025 1583 1095 1651 276.

51 1658 101 1725 de
121 1682 188 1725 una
208 1682 248 1725 ex
270 1660 369 1746 lapsis
392 1659 522 1724 nomine
543 1661 701 1739 Bibliade,
726 1662 783 1725 sed
808 1675 919 1746 postea
943 1674 1095 1747 martyre,

54 1755 180 1808 extant.
224 1746 283 1808 Kal
305 1743 444 1808 Βοὸλιίοδοι
464 1744 492 1807 δέ
511 1771 574 1808 τινα
591 1745 659 1825 μίαν
674 1754 728 1808 τῶν
747 1745 906 1830 ἠρνημένονν,
922 1745 968 1822 ἤδη
984 1743 1096 1808 idmst

53 1826 185 1904 θοᾶὅολος
198 1827 436 1908 emanantia,
448 1828 572 1906 θέλησας
586 1831 613 1892 δὲ
629 1830 677 1892 καὶ
697 1833 742 1893 διὰ
759 1829 944 1912 βλασφημίας
955 1836 1095 1916 suscapi-

55 1936 102 1993 ναν
114 1910 182 1998 ἦγον
195 1915 238 1976 tul
253 1913 380 1992 κόλασιν,
394 1913 563 1999 ἀνάγκαζνον
584 1918 665 1978 εἰπεῖν
684 1919 723 1977 τοὶ
742 1913 816 1977 ἄθεοι
830 1918 898 1999 περὶ
912 1919 987 1996 ἡμῶν
1002 1916 1037 1988 οὖς
1051 1912 1096 1979 sd-

55 2002 180 2084 θραοςον
192 1999 240 2076 ἤδη
254 2000 302 2061 καὶ
314 1996 452 2084 ἄνανδρον.
474 1999 537 2061 vid.
551 2012 585 2063 et
599 1998 745 2084 posthaec
760 1998 801 2062 ad
814 2019 889 2098 pag.
902 2010 973 2073 274.

103 2083 139 2146 P.
152 2096 222 2158 272.
237 2083 260 2146 l.
276 2098 323 2146 15.
347 2084 395 2146 aul
409 2084 582 2168 ςρατννπῶν]
600 2084 734 2147 Rufinus
747 2097 841 2148 vertlt
855 2082 997 2167 officium,
1012 2083 1098 2148 mill·-

58 2177 116 2230 tes,
154 2169 248 2231 Nam
263 2169 380 2231 Graeca
400 2188 462 2230 vox
482 2180 657 2253 utrumque
676 2168 846 2253 significat,
861 2180 930 2230 tam
947 2168 1098 2231 officiales

57 2272 116 2322 sen
133 2251 331 2337 apparitores
344 2250 510 2329 Judicum,
524 2273 621 2337 quam
641 2252 781 2315 milites:
804 2264 841 2315 ut
861 2251 965 2314 fusius
988 2264 1095 2316 osten·

57 2336 126 2399 suri
140 2354 252 2400 sumus
267 2335 308 2399 sd
323 2336 422 2399 libros
435 2335 476 2398 de
491 2335 555 2398 vita
571 2335 787 2399 Constantini.
812 2334 878 2398 Hic
892 2356 965 2399 vero
979 2336 1098 2399 milites

55 2420 170 2568 malim
189 2420 380 2505 intelligere,
394 2440 469 2482 curn
486 2440 583 2505 supra
605 2420 732 2508 mentio
743 2420 797 2482 fiat
810 2418 931 2491 tribuni
944 2420 1096 2485 militum.

91 2524 267 2572 nnaslus.
401 2556 405 2565 .

83 2588 188 2652 ibid.
220 2593 257 2663 εἰς
284 2587 433 2672 Σάγκτον]
461 2589 594 2653 Rufinus
618 2590 775 2653 Sanctum
798 2587 973 2655 diaconum
997 2590 1099 2655 Vien·

57 2692 191 2737 nensem
206 2672 271 2738 inte
310 2686 453 2737 retatus:
476 2674 629 2774 quodest
643 2674 846 2760 ambiguum.
881 2675 1000 2761 Neque
1009 2675 1097 2739 enim

57 2757 199 2821 Sanctus
212 2757 274 2821 fuit
313 2757 444 2821 'aconus
458 2758 649 2823 Vrennensia
665 2759 823 2837 ecclesiae,
835 2771 874 2822 ut
888 2759 1022 2843 quidam
1037 2759 1098 2824 hac

59 2841 168 2904 Rufini
182 2841 324 2906 versione
338 2842 461 2906 inducti
474 2842 706 2907 existimarunt.
751 2842 848 2915 Certe
862 2844 1098 2931 Lugdunenses

57 2924 93 2987 in
106 2925 169 2988 hac
183 2926 319 3011 epistola
332 2926 365 2988 id
379 2948 444 2990 non
458 2927 589 2992 dicunt-2
612 2927 668 2991 sed
688 2939 814 2992 tantum
832 2927 991 2993 affirmant
1004 2929 1096 2993 illum

58 3009 186 3074 Vienna
205 3010 381 3074 oriundum
402 3011 511 3074 fuisse.
556 3011 630 3082 Fuit
647 3012 747 3096 igitur
765 3011 820 3076 hio
840 3013 978 3077 Sanctus
1037 3013 1099 3077 tria

57 3093 190 3178 quidem
203 3095 405 3174 Viennensis,
414 3095 568 3160 diaconus
582 3109 690 3160 autem
703 3096 929 3182 Lugdunensis
941 3117 997 3160 ecc
1010 3097 1097 3169 esiae,

58 3179 291 3243 viamus
318 3180 348 3242 0
371 3180 478 3244 inatus
498 3193 610 3243 conns
631 3194 682 3244 est
701 3180 809 3245 David
830 3180 1035 3267 Dalrymple,
1051 3181 1098 3245 vir

58 3263 188 3341 nobilis,
197 3264 252 3349 qui
266 3285 331 3349 quo
355 3284 482 3362 cunque
493 3264 637 3349 epistolae
652 3265 737 3350 apud
750 3265 924 3328 Eusebium
939 3278 1096 3351 superest,

57 3346 91 3409 in
108 3347 283 3432 Anglicam
302 3349 394 3412 vertit
413 3349 569 3434 linguam,
584 3348 670 3413 huns
690 3349 789 3412 fuisse
808 3349 981 3414 diaconum
995 3349 1097 3417 Vien-

57 3432 165 3495 nensis
179 3433 334 3509 ecclesiae,
350 3432 483 3497 minoris
503 3433 587 3496 enim
607 3433 763 3498 momenti
778 3454 849 3498 esse
862 3434 998 3519 patriam
1014 3434 1097 3525 ejus,

56 3516 155 3602 quim
171 3517 292 3594 locum,
302 3538 369 3602 quo
384 3539 501 3581 munus
515 3518 769 3583 ecclesiasticum
780 3519 903 3583 obibat,
924 3517 1097 3606 Videoque

56 3600 92 3665 in
104 3600 343 3664 Sansrtouls
369 3601 581 3687 Fragmentis,
596 3624 668 3688 quae
683 3603 765 3666 infra
779 3603 990 3683 collocantur,
1004 3604 1096 3668 simi·

55 3684 102 3748 lia
118 3683 168 3748 his
181 3685 288 3764 verba,
302 3683 399 3760 Αἴλιος
419 3686 561 3760 Πούπλιος
582 3687 696 3760 Ἰούλιος
710 3689 764 3753 ἀπὸ
779 3686 921 3752 Δεὸολτοῢ
937 3691 1095 3769 inlusores,

55 3769 124 3833 hoc
137 3770 343 3846 est,Deuelti
356 3770 537 3856 episcopus.
560 3772 678 3835 Euseb.
695 3771 741 3835 H.
754 3772 798 3837 Ε.
811 3794 840 3836 ν.
854 3787 902 3850 19.
928 3773 1096 3839 Similiter·
1147 3808 1149 3814 2
1253 3765 1256 3769 ’

56 3874 122 3951 que
139 3853 167 3916 si
214 3867 309 3918 antur
330 3854 555 3952 episcoporum
578 3856 709 3919 nomina
722 3868 757 3919 et
776 3857 872 3921 urbes
885 3857 973 3943 apud
986 3859 1097 3924 conci*

55 3937 138 4001 lrum
187 3938 424 4024 arthaginrense
436 3940 497 4003 sub
512 3939 542 4002 C
565 3940 676 4026 priano
689 3940 898 4004 celebratum.

101 4023 403 4108 Ρ.ο73.1.8.αὐτὴ]
429 3963 566 4100 uhtred.
590 4025 628 4089 St
666 4023 696 4088 t.
722 4024 893 4090 Srnoru.
931 4027 1015 4090 Mox
1036 4025 1093 4089 de-

56 4120 133 4171 sunt
146 4106 244 4170 verba
257 4107 306 4171 nal
318 4113 476 4194 παρνθῆνσο
489 4109 523 4172 in
539 4109 617 4173 MS.
668 4107 775 4260 ονζοίο.

99 4189 186 4258 ibid.
197 4191 220 4257 l,
232 4198 279 4256 16.
295 4193 482 4279 δνερῤννγότος]
496 4191 557 4257 ΕΔ.
573 4194 612 4343 lg
623 4194 700 4279 Step
726 4140 965 4285 argtsppcydros
982 4192 1096 4271 Codex

549 4296 572 4343 Χ
