2716 4748
382 306 434 385 m
457 281 776 386 murenarum.
1032 322 1096 407 335

56 489 279 579 significatum
293 512 363 556 esse
377 514 441 557 non
459 513 565 573 nemo,
581 490 638 557 sed
654 494 699 558 vir
717 492 843 570 doctus,
858 488 946 555 haud
961 491 1098 558 absurde
1136 541 1140 546 .

57 572 184 656 statuit,
199 576 291 664 cujus
313 599 430 642 nomen
453 579 608 643 memoria
622 600 693 658 mea
707 576 835 643 excidit.
869 576 972 663 Apud
989 578 1096 644 ethni-

57 659 259 750 cos'quidem
274 686 331 750 per
346 664 464 728 multas
479 679 589 728 aetatcs

59 760 66 771 “
188 749 385 837 ——demus
399 748 546 814 Huculei
560 748 659 815 uestes
673 748 805 813 Pinaria
820 748 910 812 socri.

82 890 88 900 .
702 835 795 920 Virg.
808 837 890 899 AEa.
906 835 968 899 viii.
982 849 1052 912 270.

57 918 114 998 Et,
129 919 217 1006 quod
235 919 276 984 ad
294 943 362 985 rem
382 922 486 1008 magis
502 912 723 1007 pertinet,'diu
735 937 813 1069 fest
828 922 966 986 excisam
982 924 1096 988 urbem

48 1027 182 1084 ‚sacram
203 1007 352 1071 manebat
372 1009 454 1072 inter
468 1007 600 1072 Judaeos
619 1029 691 1071 mos
711 1007 765 1069 ile
784 1007 927 1092 ipsorum
943 1022 1097 1090 vetustus,

57 1104 95 1157 ut
109 1093 143 1156 in
159 1091 270 1156 officiis
286 1093 467 1177 parentibus
489 1091 544 1156 filii
566 1094 782 1157 succederent.
821 1091 919 1157 Cous.
937 1095 1096 1182 Epiplran.

56 1175 154 1243 Hoer.
164 1201 236 1243 xxx.
250 1201 281 1242 n.
291 1190 320 1254 7.
351 1178 416 1242 Sed
430 1179 478 1242 vel
494 1180 623 1265 propius
638 1179 763 1243 accedit
773 1179 889 1243 Jacobi
903 1180 1009 1244 fratris
1023 1181 1097 1246 Do-

56 1263 139 1328 mini
160 1264 194 1328 in
218 1263 406 1352 episcopatu
425 1265 665 1351 Hierosolymae
688 1266 888 1344 constituti0,
910 1266 1097 1352 Symeonis·

55 1371 123 1438 que
144 1348 242 1414 exeo
268 1352 349 1415 natis
369 1349 438 1438 ejus
460 1352 492 1414 in
514 1350 626 1415 eadem
648 1351 723 1415 sede
743 1353 917 1430 successio,
929 1364 1026 1439 atque
1041 1375 1098 1417 ne·

54 1450 171 1523 potum
190 1435 234 1501 Ju
257 1460 295 1513 ae,
316 1436 447 1502 alterius
467 1437 572 1500 fratris
592 1437 739 1516 Domini,
761 1460 906 1516 munera,
926 1460 1007 1546 quos
1027 1439 1098 1525 ἡγή-

53 1528 156 1600 σαῶαρ
169 1522 222 1584 τῶν
236 1525 400 1600 ἐκκλησιῶν,
417 1522 451 1596 ὥς
466 1519 499 1585 ela
518 1525 547 1600 δὴ
565 1523 710 1610 μαρτύςας
725 1527 790 1604 ὁμοῦ
805 1523 826 1609 ’i
842 1526 896 1586 ἀπὸ
911 1549 1005 1607 γενους
1019 1523 1098 1599 ὄντας

53 1613 105 1672 τοῦ
121 1606 235 1693 Κυρίου,
250 1605 365 1672 diserte
379 1605 516 1671 affirmat
530 1608 737 1717 Hegesinpus
753 1630 849 1693 supra
863 1609 903 1672 ad
919 1631 993 1694 pag.
1008 1625 1075 1688 198.

101 1689 137 1756 P.
150 1705 221 1768 371.
236 1694 258 1757 l.
273 1709 319 1756 15.
343 1693 389 1772 aa)
403 1693 529 1757 πάντοτε
547 1698 595 1771 τὴν
616 1701 718 1781 larges
738 1693 860 1780 ἤγαγον]
879 1695 1009 1759 Horum
1023 1697 1098 1760 loco

55 1776 279 1928 Hieronymus
294 1778 403 1859 habet,
418 1801 480 1843 sem
503 1801 536 1842 er
546 1778 664 1863 pesclo
679 1778 839 1858 celebravi,
855 1779 977 1866 querulo
999 1797 1058 1930 p?
1148 1823 1149 1826 =

1060 1804 1097 1845 u·

44 1861 107 1929 'tae
127 1865 170 1928 Ju
193 1887 309 1928 reorum
332 1888 446 1952 azyma
485 1863 614 1944 acielut,
634 1866 780 1952 adeoque
803 1867 897 1928 verba
920 1871 944 1928 οῖ
964 1872 1098 1951 ruyensis

54 1963 114 2016 aut
130 1973 194 2015 non
210 1950 300 2037 legit,
317 1964 373 2015 aut
389 1951 603 2037 expungenda
618 1951 720 2015 duxit.
746 1953 794 2014 Ea
808 1950 940 2015 retinuit
955 1953 1097 2017 Rufinus.
1182 1957 1188 1974 '

57 2035 284 2101 Cousraur.
301 2038 342 2101 ad
358 2036 532 2124 Polycratis
548 2039 790 2123 Fragmentum,
806 2035 895 2123 quod
909 2036 999 2102 Rom.
1014 2041 1098 2103 Poa-

55 2121 177 2210 tisttaam
191 2121 347 2207 Epistolis
368 2121 499 2186 inseruit
514 2121 644 2209 adpag.
657 2137 707 2201 98.
751 2124 828 2186 Hoc
873 2144 915 2186 uo
940 2144 980 2188 uc
999 2125 1099 2212 Frag-

49 2223 204 2281 ‚mentum
231 2230 307 2273 cum
336 2207 455 2274 Valesii
482 2209 566 2272 notis
594 2208 720 2294 repetiit
744 2205 777 2270 in
803 2145 1005 2274 Biliiollecoe
1031 2233 1097 2274 suae

55 2293 127 2360 ΡΡ.
142 2308 234 2358 tomo
248 2294 280 2357 ii.
297 2292 338 2358 cl.
356 2293 556 2357 Gallandius.

101 2378 187 2444 Ibid.
204 2380 224 2444 l.
240 2387 287 2444 16.
310 2374 375 2443 ὅταν
391 2385 403 2442 ὁ
419 2381 486 2452 λαὸς
501 2379 588 2463 ipsos]
608 2376 673 2440 ὅταν
687 2382 699 2440 ὁ
714 2376 782 2453 λαὸς
798 2379 888 2464 ἤρτυε.
926 2380 1008 2444 Haec
1031 2379 1097 2443 lec·

55 2463 104 2532 tio
120 2464 195 2530 ferri
210 2487 275 2529 non
290 2479 408 2551 potest.
448 2463 535 2529 Nam
552 2463 790 2550 quartadecima
804 2466 880 2529 luna
895 2465 990 2551 primi
1005 2487 1097 2528 men-

13 2598 16 2603 ·
54 2552 100 2617 sis
116 2551 255 2651 populus
270 2552 458 2616 Judaeorum
475 2573 538 2613 non
552 2550 685 2636 parabat
700 2549 903 2632 fermentum,
919 2550 976 2614 sed
988 2551 1096 2636 potius

54 2634 259 2726 projiciebat.
300 2637 353 2700 Sic
368 2636 453 2699 enim
469 2635 586 2700 diserte
601 2637 669 2698 Lex
679 2635 785 2721 jubet.
822 2637 931 2724 Quare
945 2631 1008 2700 hoc
1023 2635 1097 2719 loco

44 2722 253 2791 ,restituenda
277 2737 326 2786 est
354 2722 509 2809 scriptura
525 2720 734 2807 optimorum
763 2722 911 2786 codicum
937 2722 1098 2801 Vaticani,

44 2808 154 2895 'Regii
168 2823 200 2872 et
216 2809 385 2885 Mazarini,
399 2807 432 2871 in
449 2807 566 2894 quibus
580 2807 696 2871 diserte
712 2806 865 2892 scriptum
886 2821 935 2871 est
955 2807 1030 2896 ἤςνυε
1049 2811 1097 2886 τὴν

56 2895 154 2979 ζύμην.
178 2896 216 2958 In
229 2896 254 2957 F
255 2894 312 2958 uk.
326 2894 479 2978 scriptum
495 2893 599 2956 inveni
614 2892 711 2978 ἥρνευε.
736 2892 799 2956 Sed
811 2908 842 2957 et
854 2893 886 2957 in
897 2893 1008 2957 codice
1020 2894 1097 2957 Mc·

55 2979 163 3045 dicaeo
178 2981 265 3066 prius
281 2980 434 3067 scriptum
456 2994 524 3043 erat
544 2980 638 3066 ἤςνυετ
663 2978 719 3042 sed
734 2994 845 3065 postea
860 3000 950 3044 erasa
964 2976 1055 3043 litera
1071 3007 1095 3060 ν,

55 3066 128 3154 ejus
149 3066 222 3131 loco
237 3092 255 3128 τ
270 3066 479 3129 substitutum
496 3080 555 3129 est.
600 3066 658 3128 Est
680 3077 788 3128 autem
810 3065 912 3149 ἁρνύειν
933 3064 1095 3151 plebeium

57 3151 272 3216 vocabulum:
293 3150 477 3238 cujusmodi
495 3150 596 3214 verbis
618 3164 705 3213 amat
725 3151 774 3214 uti
794 3150 989 3238 Polycrates,
1005 3163 1041 3212 ut
1056 3172 1097 3213 ex

56 3234 120 3302 hac
134 3236 268 3323 epistola
282 3251 423 3321 apparet.
467 3235 633 3321 Significat
651 3250 758 3299 autem
774 3235 897 3313 tollere,
913 3256 1094 3300 removere:

58 3318 146 3388 unde
161 3335 194 3386 et
208 3321 348 3407 ἀρνεῖῶω.
386 3321 537 3386 Ceterum
554 3321 586 3384 in
600 3321 738 3407 antiquis
756 3320 923 3385 codicibus
937 3320 1095 3389 Vaticano
1139 3355 1144 3362 ·

57 3423 94 3473 et
114 3408 283 3472 Mazarino
303 3407 344 3471 ad
364 3407 543 3493 marginem
565 3408 719 3491 scriptum
735 3419 784 3470 est
798 3406 909 3470 eadem
927 3405 1025 3470 manu'
1043 3412 1095 3493 Γρ.

57 3495 151 3595 lyras,
167 3494 200 3559 id
221 3508 280 3570 est,
295 3490 372 3557 alias
396 3493 546 3557 scribitur
565 3493 655 3580 ἦςτυε.
699 3494 808 3591 Quam
824 3493 1014 3557 deteriorem
1029 3490 1095 3557 lec-

57 3594 182 3645 tionem
207 3579 290 3643 Rob.
315 3577 477 3666 Stephano
503 3577 660 3664 placuisse
682 3598 790 3642 mrror.
843 3577 939 3641 Certe
963 3578 1096 3649 Rufinus

57 3665 75 3745 ἦ
123 3663 249 3751 elegit,
264 3677 299 3729 ut
321 3686 359 3728 ex
371 3660 524 3735 ,versione
546 3661 615 3750 ejus
637 3675 778 3749 apparet.
815 3663 875 3727 'Sic
890 3660 975 3727 enim
991 3665 1095 3728 vertit.

116 3750 243 3815 lomnes
258 3749 304 3814 itu
319 3750 515 3814 observarant
530 3749 609 3834 luae
623 3746 715 3828 diem,
725 3759 761 3811 at
774 3749 944 3813 conveniret
960 3771 1029 3813 cuae
1042 3748 1096 3815 illo

82 3858 123 3901 uo
126 3836 322 3922 fermentum
336 3835 519 3900 Jadaeoram
531 3832 663 3920 populas
675 3836 791 3921 aufert.
837 3836 984 3898 Facessat
996 3835 1097 3921 igitur

59 3860 213 4008 deinceps
227 3920 410 3986 emendatio
424 3943 548 3999 eorum,
565 3921 620 4006 qui
634 3919 651 3996 ἤ
685 3948 713 3983 υε
730 3922 768 3982 τὰ
787 3917 881 4001 ἄζυμα
898 3920 951 3983 hic
970 3922 1098 3985 restitu-

60 4019 132 4075 unt.
147 4008 355 4073 Vaassrus.
377 4007 456 4105 ἥςτυε
468 4007 506 4069 τὰ
518 4005 612 4090 ἄζυμα
626 4006 653 4069 C
671 4002 744 4069 rista
769 4005 799 4069 t.
809 4005 910 4068 Lectt.
920 4004 1003 4068 idem
1018 4027 1096 4069 con-

52 4092 133 4182 jicit
150 4090 281 4203 Longus
300 4094 340 4157 ad
356 4092 519 4176 Nicephor.
537 4091 604 4177 (qui
619 4092 716 4155 habet
732 4117 775 4154 οτε
788 4098 842 4155 τῶν
855 4089 989 4154 Ἰουδαίων
1003 4095 1016 4153 ὁ
1030 4092 1096 4167 λαός

57 4181 137 4270 lpus
147 4185 195 4259 τὴν
206 4181 313 4271 (saar.)
329 4179 498 4243 erorn.
519 4166 686 4245 Veriorem
700 4176 871 4241 lectione-m
882 4176 957 4261 ἤρνυε
966 4189 1096 4263 praestat

107 4286 193 4331 ror..
211 4287 237 4330 r.
569 4282 620 4330 cc
1084 4274 1087 4283 ·
