2716 4748
257 304 303 393 36
595 300 955 371 Annosnslottrs

263 476 297 543 in
322 474 456 541 historia
477 472 608 539 canonis
637 475 724 539 Nori
750 475 950 541 Testamenti
970 474 1067 564 plane
1088 475 1210 565 hospes
1235 487 1299 544 est

266 560 376 649 Papias
392 558 491 639 enim,
505 559 590 625 sicut
606 580 672 624 non
689 573 815 625 tantum
833 562 985 642 lrenaeus,
998 563 1056 628 sed
1075 557 1146 650 ipso
1166 582 1298 652 quoque

267 648 379 735 Papias
396 660 479 711 teste
500 647 641 713 Eusebio
661 645 703 710 de
715 669 751 711 se
763 646 906 727 tradidit,
918 648 1052 714 Joannis
1065 649 1247 737 presbyteri
1259 668 1298 713 ac

262 731 412 821 discipuli
434 732 570 797 Domini
590 730 721 807 αότῆκοος
740 732 814 812 tuit,
834 746 869 798 et
888 735 1023 800 fortasse
1043 734 1141 799 etiam
1162 734 1298 800 Joannis
1327 770 1331 787 ·

262 816 478 905 evangelistae,
487 830 584 904 prout
591 816 687 881 multi
696 832 815 883 veteres
825 832 989 919 exponunt
997 820 1298 907 traduntquetpu·

263 908 356 984 τητῆς,
368 904 414 969 ita
427 917 464 968 ut
477 903 531 969 hic
543 903 712 990 episcopus
724 904 757 967 in
771 905 847 991 ipsis
862 905 958 971 mitiis
972 906 1083 971 seculi
1094 916 1171 993 post
1185 902 1298 971 Chris·

264 1002 336 1057 tum
350 1002 463 1054 natum
476 988 610 1055 secundi
623 988 768 1053 floruisse
781 989 934 1057 videatur.
978 991 1018 1056 ld
1031 991 1120 1079 qnod
1134 991 1201 1056 alio
1215 1011 1297 1079 quo-

289 1098 329 1141 ue
346 1074 446 1140 modo
465 1075 626 1142 evidenter
644 1087 771 1139 constat
781 1099 792 1153 ;
814 1077 990 1141 cumcuim
1010 1088 1160 1163 oporteat
1173 1088 1299 1141 sanctas

264 1099 337 1227 iilas
352 1160 514 1242 mulieres,
551 1161 645 1225 uibus
664 1174 761 1225 notus
781 1161 844 1226 fuit
865 1163 987 1248 Papias,
1001 1163 1065 1227 sive
1085 1162 1161 1227 filiae
1182 1161 1299 1227 nterim

267 1246 406 1334 Philippi
424 1184 573 1333 apostdii,
587 1266 645 1309 seu
666 1247 868 1333 cognominis
890 1248 1104 1336 evangeliste,
1119 1248 1153 1312 in
1175 1248 1300 1315 senium

265 1334 416 1421 vergisse,
434 1330 484 1397 vel
503 1332 611 1419 potius
628 1331 697 1419 jam
720 1354 812 1397 senes
832 1333 942 1412 fuisse,
964 1346 1038 1398 ante
1059 1333 1215 1398 saeculum
1234 1332 1301 1432 pri·

264 1441 357 1487 mum
372 1417 561 1483 conclusum
573 1442 584 1496 ;
599 1439 665 1483 non
679 1430 785 1505 potest
799 1417 877 1497 fieri,
892 1419 970 1506 quin
984 1418 1059 1505 ipsis
1073 1419 1189 1483 saitem
1202 1417 1300 1484 inrtiis

263 1504 428 1593 sequentis
446 1504 556 1570 saeculi
576 1504 688 1590 Papias
709 1503 965 1569 adnumerandus
986 1505 1037 1569 sit.
1081 1504 1175 1568 Idem
1189 1515 1300 1568 autem

264 1591 320 1657 ille
333 1613 372 1656 ex
387 1588 565 1679 presbyteri
579 1589 712 1655 Joannis
732 1612 788 1654 ore
807 1590 916 1669 refert,
930 1592 1079 1655 Marcum
1095 1588 1301 1676 evangelium

264 1676 346 1745 illud
360 1676 531 1761 scripsisse,
569 1675 636 1739 uod
650 1676 748 1761 ipsius
768 1676 872 1762 Papiae
887 1676 1087 1762 temporibus
1100 1675 1131 1739 ei
1144 1675 1303 1740 attribue-

263 1764 370 1831 batur.
406 1762 522 1849 Neque
537 1782 556 1825 s
569 1761 618 1825 'ds
633 1783 676 1826 un
700 1782 774 1825 uam
789 1762 956 1849 evangelii,
969 1775 1084 1848 praeter
1097 1760 1131 1825 id
1143 1760 1236 1848 quod
1247 1782 1301 1825 ec-

265 1848 364 1914 clesia
387 1866 513 1935 semper
537 1848 667 1933 recepit,
731 1846 796 1910 arci
821 1847 952 1912 nomine
977 1846 1157 1912 circumisti
1179 1846 1303 1911 mentio

266 1933 334 1999 ulla
348 1934 434 1999 facta
447 1946 506 1999 est.
530 1933 627 1997 Porro
639 1932 835 1997 Mattbaeum
846 1933 1049 2020 evangelium
1063 1931 1304 2018 conscripsisse,

269 2020 380 2109 Papias
394 2016 539 2085 affirmat.
562 2018 636 2083 lmo
648 2018 788 2096 αὐτολέξει
801 2019 952 2083 afferebat
961 2020 1009 2084 vir
1018 2030 1148 2083 sanctus
1159 2016 1195 2081 in
1204 2038 1303 2105 opere

267 2126 332 2173 suo
346 2105 482 2193 priorem
497 2101 660 2189 epistolum
672 2103 814 2184 Jounm's‚
825 2103 1020 2192 prioremque
1033 2103 1133 2170 Petri.
1177 2102 1243 2168 His
1255 2102 1310 2169 lu·¹

267 2213 364 2279 super
379 2188 585 2277 Apoculypsis
603 2194 635 2255 τὸ
657 2189 814 2263 buterenses
828 2190 996 2277 agnovisse
1012 2190 1154 2288 Papiam,
1166 2200 1304 2255 teststm

266 2277 414 2345 Andreas
439 2275 642 2343 Caesariensis
666 2276 836 2361 episcopus
864 2276 1088 2341 Commeattuno
1107 2274 1141 2338 in
1162 2274 1303 2339 eundern

265 2365 385 2431 librum
401 2384 538 2441 sacrum,
550 2360 644 2450 cujus
663 2367 738 2449 ῥῆσιν
760 2383 838 2426 mox
850 2361 971 2426 videbis
984 2385 993 2440 ς
1016 2361 1092 2426 huic
1107 2371 1218 2424 autem
1232 2359 1302 2423 An·

266 2450 364 2527 dren,
388 2469 515 2537 quacun
540 2469 580 2511 ue
604 2446 736 2513 demum
762 2460 857 2512 aetate
878 2447 1000 2527 vixerit,
1024 2447 1199 2547 Papianum
1221 2466 1305 2534 opus

265 2560 331 2689 pue
355 2535 503 2601 munibus
517 2471 633 2613 iuisse,
648 2532 781 2598 fidenter
801 2533 951 2597 dicerem.
995 2533 1158 2618 Demque,
1176 2541 1215 2596 ut
1235 2552 1305 2596 rem

279 2623 385 2701 iniunt,
403 2620 559 2685 referente
583 2620 687 2705 Papia,
709 2631 765 2684 sut
786 2618 899 2683 saltem
923 2618 1057 2697 lrenaeo,
1079 2617 1113 2681 in
1132 2616 1208 2704 ρἦει
1231 2629 1306 2682 ante

268 2708 366 2773 alluta
386 2706 427 2771 rui
449 2726 523 2853 pap.
545 2720 588 2768 10.
612 2704 792 2804 Presbyteri
812 2705 943 2791 quidam
964 2703 1189 2791 apostolorum
1207 2700 1307 2767 discis·

270 2792 349 2881 puli,
377 2812 492 2857 sutrinse
508 2789 546 2853 iis
568 2789 723 2855 Muttbeet
746 2802 843 2876 atque
868 2789 1011 2868 Joannis,
1039 2801 1083 2867 et,
1107 2800 1145 2855 ut
1167 2787 1309 2867 videtin,

269 2844 472 2967 Aporrrlppsi,
491 2875 541 2940 usi
563 2888 659 2949 sunt3
682 2876 805 2948 adhaec,
819 2875 907 2963 quod
928 2875 1097 2940 verisimile
1118 2886 1180 2952 est,
1193 2873 1308 2939 locum

267 2965 328 3053 ipsi
353 2986 391 3027 ex
418 2962 521 3048 priore
545 2959 673 3047 epistula
698 2960 794 3027 Pauli
822 2962 865 3026 ad
894 2960 1067 3026 Corinthios
1089 2958 1309 3040 adduxerunt.

268 3052 353 3119 ricto
366 3060 474 3115 autern
488 3045 705 3133 Apostolorum
720 3069 740 3112 a
755 3047 851 3134 Papia
869 3047 902 3112 in
921 3068 1018 3134 opere
1032 3066 1092 3110 suo
1104 3064 1311 3109 commemo-

267 3150 338 3203 ruts
352 3135 460 3211 titisse,
475 3146 642 3223 propterea
662 3132 751 3221 qnod
773 3131 813 3196 de
831 3133 926 3199 Judre
943 3131 1108 3198 traditoris
1124 3143 1243 3210 morte,
1256 3140 1310 3194 at-

268 3246 332 3289 ‹no
347 3222 388 3287 ‹ic
402 3222 507 3295 Justo,
523 3219 578 3306 qui
592 3219 842 3306 cognominatus
860 3233 910 3284 est
926 3219 1092 3296 Barsabas,
1107 3216 1312 3281 mentionem

269 3250 314 3375 ibt
330 3308 466 3381 troisset,
480 3326 544 3369 nou
559 3304 635 3369 satis
650 3318 774 3369 oenum
789 3326 858 3369 esse
870 3303 1006 3369 videtur.

315 3394 348 3458 P.
370 3404 413 3457 tt.
434 3391 457 3457 l.
477 3404 522 3455 ts.
543 3389 691 3457 Antinous
716 3389 934 3475 Caesariensis]
965 3388 1152 3455 Pearsonius
1179 3384 1313 3452 Vindio.

271 3480 376 3567 ignire.
400 3479 433 3542 Ι).
449 3476 472 3542 i.
495 3498 525 3541 c.
546 3490 593 3540 ιο.
615 3482 637 3517 “
652 3473 799 3540 Andreas
823 3475 1030 3541 cesariensis
1054 3473 1238 3560 episcopus,
1260 3472 1314 3538 vir

270 3576 293 3607 ‘⁸
308 3562 414 3652 grrtris
435 3576 469 3627 et
486 3560 678 3639 catholicus,
692 3562 963 3626 consentientibus
982 3558 1178 3625 Bellarmino
1189 3567 1226 3621 et
1239 3557 1313 3621 Us-

270 3658 293 3693 “
309 3648 392 3714 serio
415 3648 500 3713 circa
520 3668 640 3712 armum
659 3646 953 3753 quingentesimum
975 3644 1124 3731 scripsit3
1146 3654 1236 3709 certe
1250 3662 1313 3706 ne-

270 3743 292 3777 “
309 3736 429 3801 nriuent
448 3734 539 3805 citat,
553 3733 609 3821 qui
627 3732 723 3799 titerit
738 3736 773 3795 b.
841 3731 914 3797 riilo
927 3731 1071 3820 junior.'’
1108 3727 1211 3792 Casio
1224 3750 1314 3815 quo-

270 3842 334 3909 qut
347 3820 379 3887 iu
393 3818 478 3885 ttr‘sr.
489 3818 555 3883 Lit.
568 3818 629 3883 rol.
641 3819 668 3883 1.
683 3840 715 3905 p.
724 3824 794 3895 467.
806 3819 817 3883 i
840 3840 892 3883 em
905 3815 1072 3882 verisimile
1084 3834 1156 3878 esse
1170 3811 1314 3896 videtur,

271 3906 327 3973 etti
342 3904 462 3971 trullam
477 3902 548 3991 ejus
565 3904 622 3969 riri
636 3926 706 3968 esse
719 3904 764 3969 ait
777 3903 864 3991 apud
880 3916 1000 3967 veteres
1013 3900 1223 3964 mentionem.

316 3990 397 4057 ibid.
408 3990 429 4055 Ι.
441 4002 487 4065 17.
499 3990 596 4053 basi}
608 3998 656 4051 τῦ,
669 3992 761 4051 canat
775 3991 845 4051 trie·
859 3989 988 4073 esytius]
1001 3987 1145 4052 Forsitan
1154 3983 1316 4049 haecAn-

272 4078 369 4151 elren,
384 4098 449 4141 non
466 4074 582 4161 Pnpire,
596 4073 692 4137 rerba
707 4087 793 4139 sunt.
1316 4124 1320 4131 .

316 4162 398 4229 ibid.
413 4162 436 4227 i.
453 4173 499 4225 ts.
520 4164 569 4233 τῆς
588 4160 658 4247 erigi
675 4162 723 4237 trit
742 4164 795 4241 ‘si‘
810 4158 1030 4243 impietus]
1051 4154 1207 4221 Similiter
1227 4172 1317 4217 non·

269 4248 376 4317 nullm
392 4269 433 4315 ex
450 4244 596 4337 patribus
614 4242 865 4313 Ante-Niconis
884 4243 1020 4311 sensisse
1040 4242 1084 4310 de
1103 4261 1183 4309 cura
1199 4258 1318 4307 rerum
