2716 4748
258 266 493 336 suuomr.
516 256 568 332 m
590 240 914 335 Acnrrncs‘sr.
1063 270 1104 357 s5

64 456 161 526 gene,
174 427 364 520 Ambrosio,
379 440 595 528 Hieronymo,
610 438 756 524 intelligi,
771 438 828 505 ubi
850 434 965 504 falsum
990 439 1102 507 Basili-

64 526 115 591 dis
129 528 332 613 evangelium
347 541 539 590 memorant.
585 525 677 589 Idem
693 548 822 612 quoque
839 526 984 591 Fabricio
999 528 1102 595 visum

64 613 172 678 fuerat
186 612 373 677 scribere'in
387 612 449 676 vol.
463 614 490 675 l.
509 611 582 675 Cod.
596 611 774 698 Apocrypt.
790 611 870 675 Nou.
887 612 969 676 Test.
984 634 1016 698 p.
1031 627 1101 680 343.

65 696 131 763 Sed
145 697 220 762 huic
236 698 367 785 quidem
383 697 525 783 opinioni
542 696 627 761 male
645 697 813 761 convenire
825 698 972 762 videntur
986 700 1103 786 Orige-

61 782 114 848 'nis
128 783 224 849 verba
238 785 269 848 in
286 785 422 849 Macarii
440 781 637 847 Orationibus
650 781 683 846 in
697 783 827 862 Lucam,
840 789 941 846 Ταῦτα
955 785 983 846 δὲ
999 784 1101 870 εἴρηται

63 871 138 956 πρὸς
149 870 212 945 τοὺς
226 871 280 933 ἀπὸ
295 867 491 946 Οὐαλεντίνου,
507 869 529 955 ’b
544 867 696 945 Βασιλίὸε,
713 870 760 931 καὶ
779 870 840 943 τοὺς
854 870 908 932 ἀπὸ
923 873 1101 956 Μαρκίωνος.

116 980 164 1019 tm
177 959 236 1041 γὰρ
250 956 298 1018 καὶ
312 957 388 1019 strat
402 960 454 1029 τὰς
465 955 550 1032 λέξεις
566 955 615 1035 (S.
631 955 804 1040 Scripturae
819 956 914 1018 verba
929 957 1017 1040 prius
1031 956 1102 1022 lau·

86 1042 152 1123 ata)
170 1043 198 1104 ἐν
211 1045 251 1127 τῷ
266 1043 332 1104 καθ’
351 1042 461 1116 ἑαυτοὺς
480 1039 638 1126 εὐαγίελίῳ.
686 1054 778 1118 .981.
797 1054 876 1105 tom.
892 1040 935 1104 iii.
954 1040 1012 1127 Op.
1031 1043 1103 1106 Ori-

10 1188 21 1207 ,
61 1125 163 1214 genis,
179 1147 219 1190 ex
231 1125 283 1190 ed.
297 1126 473 1192 Delaman.
489 1149 546 1190 seu
561 1062 760 1190 Benedictio.
806 1126 905 1214 Quod
921 1127 1052 1213 quidem
1074 1130 1102 1194 si

63 1233 174 1277 verum
189 1212 231 1277 sit
244 1212 285 1276 de
299 1213 464 1276 communi
478 1211 701 1275 haereticorum
716 1212 893 1299 evangelio,
909 1212 1021 1297 quidni
1038 1214 1102 1280 hoc

63 1319 147 1384 opus
162 1311 250 1362 'esset
270 1297 377 1384 ipsum
398 1297 477 1362 illud
499 1297 674 1361 Marcionis
690 1298 902 1384 evangelium,
916 1299 1035 1385 dequo
1051 1324 1102 1365 sa·

63 1383 105 1447 tis
121 1383 226 1447 multa
242 1384 459 1449 Tertullianus
474 1398 507 1447 et
521 1382 740 1469 Epiphanius?
776 1385 828 1447 De
844 1383 992 1449 Basilidis
1008 1399 1102 1451 aetate

63 1469 212 1534 nonnihil
226 1469 308 1533 infra
319 1470 361 1534 ad
377 1473 590 1534 Hnossrurt
608 1471 801 1554 Fragmenta
815 1470 920 1534 attuli.
1113 1540 1130 1547 Ἴ,

107 1555 143 1618 Ρ.
153 1567 203 1618 83.
218 1553 240 1618 l.
253 1572 284 1633 9.
307 1559 443 1638 προφήτας
463 1556 487 1614 dl
508 1557 588 1635 lausqi
604 1559 728 1630 ὀνομάσαι
744 1556 899 1638 Βαςκαςςᾶν
913 1557 958 1616 nal
974 1557 1101 1640 Bagudp]

62 1637 392 1727 Bapuassirrgssapndp.
411 1640 461 1702 lta
471 1637 600 1723 quidem
611 1637 712 1701 codex
726 1639 858 1724 Regius.
876 1638 938 1703 Sed
948 1640 981 1703 in
990 1641 1102 1706 codice

62 1724 155 1791 Man.
176 1725 269 1790 Med.
290 1737 324 1789 et
346 1725 429 1788 Fuk.
445 1722 600 1809 scriptum
616 1736 664 1788 est
680 1723 850 1808 Βαρκαὸὅὰν
870 1746 946 1790 cum
966 1739 1102 1793 accentu
1147 1726 1149 1731 ’

60 1811 152 1899 gravi
166 1810 199 1876 in
211 1811 338 1876 ultima.
360 1812 433 1875 Nec
448 1809 540 1873 aliter
555 1809 770 1896 Nicephorus,
783 1811 843 1874 nisi
854 1811 1102 1898 quod'ultimam

60 1897 297 1963 circumflectit.
339 1895 440 1982 Apud
467 1895 619 1959 Rufinum
641 1917 783 1982 quoque,
804 1909 836 1960 et
858 1896 944 1983 apud
964 1898 1102 1964 Hieron.

60 1982 94 2049 in
109 1981 253 2048 indiculo
269 1983 435 2046 haereseon
454 1983 485 2064 (J
488 1981 666 2063 udaeorum)
685 1983 866 2047 Barcabbas
882 1983 1010 2048 dicitur.
1048 1985 1102 2052 Sic

61 2069 149 2134 enim
164 2069 341 2156 praeferunt
356 2067 566 2152 manuscripti
586 2067 714 2130 codices
737 2069 853 2133 Rufini.
899 2069 1052 2135 Ceterum
1069 2070 1102 2138 in

61 2154 124 2221 hos
134 2155 309 2242 prophetas
321 2153 499 2218 Barcabam
510 2164 544 2216 et
555 2153 693 2232 Barcob,
704 2154 845 2219 Isidorus
856 2155 1005 2220 Basilidis
1019 2157 1104 2223 tilius

60 2241 302 2341 expositionum
318 2239 418 2304 libros
433 2239 612 2323 scripserat,
627 2250 665 2302 ut
683 2238 779 2305 docet
795 2240 946 2305 Clemens
960 2242 1103 2308 Alexan·

60 2327 174 2392 dnnus
197 2327 231 2391 in
254 2326 310 2390 lib.
325 2326 365 2393 vi.
389 2326 606 2389 Stromateon.
620 2323 763 2410 Ἰσίδωρος·
774 2327 812 2404 δὲ,
835 2332 848 2389 t
869 2327 1034 2391 Βασιλείὸου
1049 2330 1103 2407 υἱός

59 2410 123 2495 ἅμα
136 2413 184 2476 καὶ
198 2415 336 2495 μαθητὴς,
353 2417 379 2474 ἐν
391 2413 432 2497 τῷ
444 2408 557 2497 ’πρώτῳ
570 2417 624 2472 τῶν
636 2416 684 2472 τοῦ
699 2412 843 2498 προφήτου
856 2412 986 2499 Παρχῶρ
1001 2416 1102 2500 ἐξηγη-

59 2507 154 2563 naar.
184 2498 253 2562 Ubi
269 2496 390 2585 Βαςκῶφ
403 2495 638 2560 emendandum
653 2495 786 2561 videtur.
820 2497 893 2561 Nisi
908 2498 979 2584 quis
994 2500 1103 2565 suisti-¹

59 2604 150 2648 mare
166 2582 270 2662 malit,
285 2581 417 2670 Παςχῶρ
433 2583 530 2646 etiam
546 2605 646 2646 unum
662 2581 758 2645 fuisse
772 2604 811 2647 ex
824 2583 990 2670 prophetis
1005 2585 1068 2650 illis
1082 2610 1104 2653 a

58 2669 203 2733 Basilide
227 2668 395 2733 confictis:
424 2670 479 2731 Ex'
494 2689 607 2732 eorum
629 2667 858 2753 prophetarum
882 2692 1017 2734 numero
1039 2673 1102 2740 fuit

59 2754 161 2820 etiam
185 2754 314 2819 Chamz
337 2753 430 2842 cujus
453 2753 582 2817 nominc
605 2753 759 2817 Basilides
780 2753 899 2818 librum
922 2757 1101 2844 prophetiae

59 2854 282 2918 contexuerat,
294 2852 330 2904 ut
345 2862 383 2903 ex
398 2839 514 2903 Isidori
527 2838 629 2902 verbis
642 2839 760 2902 ibidem
777 2863 796 2902 a
813 2840 980 2906 Clemente
995 2843 1102 2910 citatis

59 2925 239 3012 colligitur.
271 2928 479 2990 Vanustus
524 2924 663 2987 Grabius
680 2948 809 3012 quoque
824 2926 864 2989 ad
878 2949 951 3012 pag.
962 2943 1012 2992 35.
1027 2929 1101 3015 Spi-

59 3011 153 3099 ct'leg.
180 3012 244 3074 vol.
269 3012 302 3074 ii.
328 3011 369 3074 de
394 3011 475 3074 fictis
501 3010 619 3074 horum
645 3010 1012 3099 pseudo-prophetarum
1034 3038 1100 3080 non

58 3099 162 3162 modo
177 3097 333 3183 personis,
349 3096 406 3160 sed
427 3109 460 3158 et
478 3095 578 3173 libris,
595 3096 655 3159 ista
674 3097 803 3160 Eusebii
820 3097 1004 3183 accipienda
1023 3123 1099 3164 cen-

59 3197 122 3261 set,
138 3183 213 3248 loco
228 3183 285 3246 illo
302 3181 479 3245 Clementis
492 3181 665 3244 Alexandr.
704 3182 808 3245 enitus
824 3204 1003 3268 persuasus
1029 3188 1100 3251 Ne-

58 3290 125 3355 que
145 3268 265 3332 interea
282 3268 376 3353 plane
396 3266 573 3353 spernenda
594 3279 643 3330 est
665 3203 706 3329 ci.
728 3268 877 3331 Lardneri
901 3269 1098 3356 conjectura,

57 3353 123 3418 hos
135 3353 234 3418 libros
250 3353 418 3417 statuentis
431 3352 558 3416 codices
573 3352 699 3438 aliquos
714 3353 883 3417 orientales
895 3355 1003 3434 fuisse,
1015 3379 1099 3442 quos

58 3439 239 3504 adduxerat
259 3458 368 3502 secum
389 3436 545 3502 Basilides
561 3436 602 3501 ab
618 3437 740 3501 oriente
758 3439 994 3504 Alexandriam.
1021 3443 1098 3508 Vid.

58 3546 144 3622 opus
159 3523 313 3589 Lardneri
326 3539 516 3622 postumum
527 3522 666 3608 Anglicc
678 3524 844 3608 scriptum,
854 3526 907 3588 cui
919 3526 968 3590 tit.
983 3526 1097 3592 Hoere·

59 3621 192 3673 taetrum
207 3610 363 3687 Historto,
376 3609 432 3672 lib.
444 3610 475 3672 ii.
489 3629 559 3693 cap.
570 3623 600 3671 2.
612 3621 689 3671 sect.
701 3623 751 3671 31.
773 3611 972 3673 Barcabbam
988 3626 1096 3680 autem

57 3695 253 3782 prophetam
273 3694 434 3780 quendam
457 3692 619 3757 Gnosticis
637 3694 794 3772 attribuit,
808 3695 940 3792 ejusque
959 3699 1097 3765 nominis

58 3792 94 3843 et
118 3803 196 3844 mon
212 3780 319 3857 docet,
335 3779 546 3865 Epiphanius,
561 3779 593 3842 in
612 3778 734 3842 Hares.
747 3779 839 3842 xxvii.
854 3803 943 3844 num.
955 3797 983 3845 2.
1000 3805 1031 3868 p.
1047 3797 1096 3851 83.

33 3804 116 3929 ed.y
130 3866 257 3931 Petavii.
292 3868 366 3929 Hoc
389 3865 528 3951 denique
555 3865 684 3941 notabo,
712 3865 744 3926 in
768 3865 878 3929 multis
901 3882 966 3930 tam
991 3870 1097 3936 Rufini

57 3972 159 4037 quam
198 3951 391 4039 Hieronymi
419 3950 585 4015 codicibus
617 3949 760 4013 exhiberi
788 3951 858 4014 haec
886 3953 1017 4016 nomina
1049 3957 1096 4020 sio

57 4036 190 4122 scripta,
204 4036 389 4100 Burchubon
400 4050 433 4100 et
449 4034 577 4112 Burcolr,
593 4035 649 4099 sed
664 4034 858 4100 Burcltulrom
872 4051 906 4102 et
921 4037 1096 4105 Burebahos

55 4122 93 4188 in
108 4120 216 4209 Rufini
231 4123 308 4187 MS.
326 4121 467 4220 Collegii
483 4123 516 4184 S.
531 4120 678 4206 Magdal.
695 4121 811 4185 Oxonii
819 4146 829 4200 3
848 4122 1023 4191 clausulam
1038 4147 1097 4191 au·

56 4219 126 4273 tem
140 4207 176 4273 iu
190 4206 303 4274 codice
316 4207 449 4275 Eusebri
463 4206 555 4272 Bodl.
568 4228 626 4271 seu
640 4205 738 4273 Sauil.
751 4208 901 4274 omissam
914 4208 1023 4276 fuisse.

553 4305 653 4365 G3'
