2716 4748
381 317 435 387 IN
458 317 779 386 POLYCRATEM.
1033 317 1096 405 387

59 497 165 568 mant,
178 486 266 577 quod
283 487 415 577 quidem
428 490 483 556 alii
497 503 665 579 negarunt.
709 488 863 556 Similiter
876 487 940 554 cod.
957 486 1098 577 Norfolc.

59 573 277 726 lgabegxroirgoctc
290 575 404 665 ἐπιφέρει
419 577 586 662 συμπάντων
603 576 751 667 παρόντων
764 580 840 664 αὐτῷ
854 577 901 642 καὶ
916 573 1100 660 imicitiam

95 688 143 726 50¹8
180 687 216 726 NV
261 683 291 728 0·

104 748 140 812 P.
151 760 221 824 372.
235 748 259 812 l.
271 762 301 812 5.
321 746 488 834 Ἐὃυνᾶμην]
505 746 638 830 ἠδυνάμην
653 747 691 812 N
691 747 786 835 iceplt.
826 750 869 814 Et
883 748 974 815 abest
988 752 1042 814 τῶν
1056 746 1099 813 ab

59 831 109 899 cd.
125 831 232 984 δτῗνι.
247 846 322 899 ante
334 832 541 922 συμπαρόντων.
564 834 734 900 Srnorrr.

105 919 158 984 lbi
183 919 229 984 .l.
243 926 273 984 6.
296 917 339 993 οὓς
361 946 436 1002 orara
456 924 593 999 ηξνωσατε
612 927 820 1003 maximam
833 922 876 985 ὑπ’
892 919 971 1004 ἐμοῦ]
990 919 1100 1006 Scrip-

59 1019 144 1070 serat
166 1005 267 1092 igitur
290 1005 403 1071 Victor
425 1007 510 1093 Papa
530 1005 573 1071 ad
594 1006 796 1095 Polycratem
818 1005 989 1095 Ephesinae
1010 1005 1099 1071 urbis

58 1091 262 1178 episcopum,
276 1104 314 1156 ut
326 1106 503 1157 convocato
518 1093 742 1194 episcoporum
757 1093 846 1158 Asiae
863 1091 1012 1171 concilio,
1027 1092 1099 1156 lite-

58 1198 112 1242 rar
138 1199 211 1242 suas
234 1192 268 1242 et
290 1178 480 1243 sententiam
506 1180 644 1244 Romam
668 1179 797 1244 concilii
821 1179 862 1244 de
883 1177 1101 1245 celebratione

59 1261 135 1328 festi
157 1263 315 1350 paschaiis
336 1263 413 1350 ipsis
435 1265 603 1329 recitaret:
626 1264 766 1332 minatus
784 1287 854 1330 sese
869 1265 961 1330 illum
975 1286 994 1327 a
1008 1285 1100 1328 com·

58 1348 216 1414 munione
242 1350 396 1415 Romanae
421 1351 563 1416 ecclesiae
591 1366 849 1438 segregatumm,
877 1351 937 1415 nisi
962 1348 1101 1415 decretis

58 1434 127 1499 suis
142 1436 389 1524 obtemperaret.
433 1438 477 1501 Et
496 1436 591 1502 minis
605 1437 737 1524 quidem
751 1436 893 1505 Victoris
908 1437 952 1500 ita
966 1457 1016 1501 res
1040 1456 1101 1500 on·

58 1518 118 1585 det
132 1521 328 1610 Polycraten
343 1526 373 1585 ori
386 1524 532 1612 irriguam
546 1525 589 1586 ἐπὶ
604 1527 659 1598 τοῖς
677 1522 963 1606 καταπλησσομένοις.
1031 1532 1100 1586 ete·

58 1628 134 1671 rum
153 1607 241 1694 quod
263 1609 378 1672 attinet
399 1607 440 1673 ad
462 1610 724 1675 convocationem
745 1632 763 1675 e
786 1611 981 1695 iscoporum,
1003 1606 1100 1694 Poly-

58 1707 165 1759 crates
178 1695 304 1760 Victori
319 1693 564 1782 obtemperavit,
580 1709 617 1761 ut
634 1718 674 1760 ex
694 1633 851 1762 hocioco-
861 1703 1001 1781 apparet.
1024 1694 1100 1760 VA-

62 1794 214 1845 ursr'us.
1103 1812 1104 1819 ν

107 1864 191 1930 Ibid.
204 1866 227 1930 l.
241 1878 270 1931 8.
294 1865 390 1940 ἰδόντες
409 1867 456 1928 τὸν
476 1865 574 1953 μικρόν
594 1893 647 1951 μου
669 1865 822 1954 ἄνθρωπον]
848 1865 944 1940 εἰδότες
965 1861 1101 1949 Niceplt.

61 1947 168 2038 Rufio.
211 1952 291 2016 Non
308 1951 402 2015 male.
426 1952 596 2018 Srnorrr.
643 1952 706 2039 Qui
725 1974 826 2017 omnes
845 1951 973 2017 scientes
993 1949 1101 2035 porvi-

61 2045 162 2101 tatem
176 2059 278 2101 meam
296 2059 439 2102 consenso
453 2060 505 2102 suo
521 2060 595 2125 φναν
608 2039 768 2104 scribimur
786 2037 980 2125 corfirmant,
996 2035 1102 2101 Rufini
1136 2060 1144 2077 ,—

60 2119 283 2223 interpretatio
295 2138 356 2188 est.

92 2206 191 2274 'Ibrd.
206 2208 228 2272 l.
244 2223 290 2274 10.
312 2212 393 2273 ἀλλὰ
406 2212 432 2272 ἐν
448 2209 543 2297 Κυρίῳ
554 2208 663 2293 Ἰησοῦ]
677 2209 827 2295 Stephani
843 2207 973 2296 quidem
987 2206 1101 2271 lectio·

62 2314 140 2358 nem
163 2299 244 2359 ἀλλὰ
268 2297 295 2358 ἐν
320 2300 418 2383 Χςιςῷ
445 2297 548 2373 Ἰησοῦ,
571 2294 735 2359 strothius
758 2295 909 2373 restituit,
930 2305 1102 2379 praestante

61 2401 196 2530 §noque
211 2381 250 2444 N
249 2380 398 2464 icepltoro,
412 2383 479 2444 ἀλλ’
496 2384 523 2444 ἐν
537 2385 633 2467 Χριςῷ
647 2382 751 2458 Ἰησοῦ.
787 2379 894 2447 Vertit
910 2378 1055 2456 Rufinus,
1069 2375 1103 2441 ν’νι

86 2464 231 2552 isciplina
246 2465 367 2531 Christi
382 2481 500 2551 semper
515 2465 684 2530 conversati
697 2489 811 2532 sumus.
856 2464 919 2530 Sed
938 2487 1014 2529 cum
1035 2462 1103 2527 lec·

61 2551 154 2618 tione
172 2574 192 2618 a
209 2551 341 2623 Valerio
364 2565 492 2638 recepta
513 2553 717 2618 consentiunt
737 2553 839 2620 MSS.
858 2550 951 2618 Bodl.
967 2562 1001 2616 et
1020 2549 1104 2614 Nor·

51 2635 139 2723 folo·
