2716 4748
383 289 778 359 inconvenienti.
1031 293 1095 379 383

62 472 235 527 notanturs
259 462 388 550 Sagaris
405 461 535 547 episcopi
556 461 763 541 Laodicensis,
784 460 822 526 cle
842 459 980 553 antiquis
1000 461 1097 528 Pauli

64 546 197 634 apostoli
212 547 381 633 discipulis.
403 549 610 630 Vanesws.
647 548 755 634 Hujus
771 569 888 611 nomen
903 569 998 632 supra
1012 571 1098 634 quo-

23 668 30 677 s
88 655 129 698 ue
138 634 245 718 posuit
254 634 397 722 Σᾶγίοςιν
409 633 610 718 Mespheres,
625 629 757 720 Σοέαρὴν
770 633 847 696 MS.
857 632 999 718 Norfrrlc„
1011 633 1097 699 Vide

63 657 106 783 le
120 718 191 798 hac,
204 742 302 805 quam
316 720 454 806 fingunt,
469 719 597 785 Paulina
611 718 777 805 disciplina
790 733 900 784 notam
915 719 956 784 ad
971 721 1097 784 Muti‘

65 819 183 870 'touls
204 807 396 892 Fragmenta
409 827 441 891 p.
458 819 522 868 120.

109 891 143 954 P.
153 905 222 966 370.
234 891 256 956 l.
271 906 316 956 18.
332 891 483 977 Παπίριον
497 892 543 953 τὸν
557 889 705 976 μακάριον]
721 890 759 952 ln
774 889 886 955 codice
900 891 990 955 Maz.
1002 891 1097 956 Med,

62 990 98 1041 et
112 976 195 1040 Fuk.
210 978 365 1063 scriptum
385 976 488 1040 inveni
511 975 656 1060 Παπίριον,
669 973 758 1125 puod
776 988 824 1039 est
844 998 960 1040 nomen
977 979 1096 1041 Roma-

64 1083 153 1125 num.
188 1064 231 1126 Et
248 1063 429 1149 Polycrates
444 1061 573 1148 quidem
590 1083 654 1125 non
691 1061 747 1126 icit
760 1061 852 1147 cujus
866 1063 954 1126 urbis
968 1062 1093 1148 episco-

62 1167 124 1231 pus
140 1147 238 1212 fuerit
252 1147 304 1212 hic
321 1148 473 1234 Papirius.
518 1146 646 1211 Invenio
665 1160 772 1211 tamen
793 1147 878 1233 apud
899 1148 1096 1234 Symeonem

63 1232 333 1319 Metaphrastcm‚
349 1233 509 1319 Papirium
528 1232 612 1297 hunc
633 1254 848 1296 successorem
866 1233 965 1297 fuisse
980 1235 1020 1298 B.
1036 1235 1097 1299 Po·

62 1317 188 1406 lycarpi
202 1319 441 1406 Smyrnaeorum
457 1317 610 1404 episcopi.
631 1317 740 1382 Verba
753 1318 923 1405 Symeonis
938 1319 1007 1383 haec
1023 1333 1098 1386 sunt

62 1404 98 1469 in
112 1403 177 1468 vita
190 1405 224 1469 S.
239 1404 417 1492 Polycarpi.
439 1405 575 1482 κοιτίςησε
590 1404 616 1466 δὲ
637 1408 650 1466 ὁ
668 1404 853 1491 Πολύκοιρπος
869 1406 916 1468 καί
930 1403 1033 1479 ἄλλους
1046 1407 1099 1487 μὲν

62 1489 209 1564 διακόνους·
233 1489 279 1554 ἕνα
298 1492 325 1553 δὲ
347 1489 369 1576 ᾦ
389 1489 475 1572 ὄνομα
494 1489 645 1576 Kampos,
657 1488 685 1564 ὃς
703 1490 750 1551 καί
769 1489 859 1575 τρίτος
876 1492 923 1553 ἀπ’
938 1494 1010 1553 ariri
1023 1495 1100 1573 perol

63 1573 209 1662 Παπίριον
222 1576 365 1651 ἐπίσκοπος
379 1575 537 1662 γεγένηται.
564 1574 696 1638 Rufinus
710 1596 840 1673 quoque
856 1576 920 1661 Pap
960 1575 1027 1640 ium
1041 1599 1099 1641 νο-

63 1672 128 1724 cat.
165 1661 218 1725 Sic
233 1661 318 1726 enim
337 1663 511 1748 praeferunt
525 1659 663 1746 vulgatae
677 1659 851 1724 editiones:
875 1684 909 1725 se
948 1663 1102 1730 vetustis,

63 1745 165 1811 simus
179 1745 281 1811 codex
296 1746 499 1812 Corbeiensis
515 1746 613 1809 habet
624 1744 799 1830 Papirium.
814 1747 1022 1812 Vetusius.
1048 1750 1100 1813 Its

106 1855 122 1894 r
138 1829 282 1898 inomen
302 1833 449 1911 scribitur
469 1833 501 1896 in
525 1830 589 1895 cod.
611 1853 742 1918 quoque
756 1829 871 1917 Rrpini,
887 1832 943 1918 qui
964 1833 997 1896 in
1020 1832 1098 1898 Col·

62 1852 153 2003 Rregio
168 1917 202 1980 S.
216 1917 364 2004 Magdal.
380 1917 485 1983 Oxou.
502 1929 652 1981 servatur.
677 1918 714 1980 Iu
730 1916 901 1981 edentem
917 1917 1099 1984 Mantuano

63 2024 150 2067 anno
167 2016 254 2081 1479.
269 2003 421 2089 impressa
436 2016 534 2082 extat,
549 2003 602 2066 sed
624 2013 654 2066 et
679 2002 813 2088 Papiam
834 2013 865 2066 et
884 2003 1099 2069 Meclarinrn.

63 2087 150 2153 llari
166 2113 203 2152 ιον
223 2089 302 2153 item
325 2089 476 2154 exhibent
498 2088 628 2153 Eusebii
647 2088 740 2153 MSti
756 2085 848 2152 Badl.
870 2110 925 2153 seu
949 2090 1048 2155 Savil.
1065 2105 1101 2157 et

64 2113 207 2260 Norfilc.
255 2174 319 2239 Sed
339 2174 482 2260 Παπίριον
504 2197 580 2238 cum
602 2201 617 2237 ο
640 2171 771 2257 Nicepl.
793 2186 890 2259 atque
913 2173 1099 2258 Sophronias

63 2259 260 2347 Hieronymi
278 2260 430 2346 interpres
447 2261 592 2337 Graecus,
607 2259 667 2323 etsi
684 2257 876 2346 Hieronymi
890 2259 1017 2326 codices
1034 2264 1101 2327 Pa·

58 2343 181 2429 pirinrn
194 2357 356 2431 praestant.

109 2428 192 2495 lbid.
214 2430 236 2494 l.
257 2444 307 2495 20.
334 2431 380 2494 τὸν
402 2433 428 2492 ἐν
453 2429 527 2516 ἁγίῳ
551 2429 694 2513 ωνεόμοιτι
720 2430 821 2495 πάντα
845 2431 1104 2515 manuscriptus}

62 2515 286 2603 Hieronymus
311 2517 343 2580 in
368 2515 450 2580 libro
476 2515 748 2601 descriptoribus
774 2515 1004 2582 Ecclesiasticis
1029 2517 1102 2581 haec

64 2600 242 2688 Polycratis
260 2602 354 2665 verba
374 2601 419 2665 ita
436 2602 548 2667 vertit:
571 2602 618 2666 Et
633 2601 797 2667 Melitonos
811 2602 844 2666 in
857 2613 959 2666 sancto
976 2601 1099 2686 Spiritu

62 2685 206 2766 eunachi,
221 2685 276 2773 qni
290 2701 408 2771 semper
422 2686 555 2750 Domino
575 2687 708 2753 serviens
727 2687 846 2772 positas
865 2698 910 2752 est
929 2687 963 2752 in
978 2687 1099 2754 Sardis.

63 2774 115 2837 Ex
136 2772 252 2859 quibus
273 2786 416 2859 apparet,
439 2773 677 2860 Hieronymum
699 2774 794 2837 verba
817 2772 991 2861 Polycratis
1014 2773 1103 2839 male

63 2857 247 2923 distinxisse
271 2858 304 2922 in
327 2859 413 2922 hunc
435 2858 592 2922 modum:
619 2858 772 2924 Μελίσνινοι
792 2861 838 2922 τὸν
860 2862 985 2944 εὐνοῦχον
1005 2861 1051 2923 τὸν
1072 2863 1102 2923 ἓν

62 2943 140 3030 ἁγίῳ
161 2943 315 3025 οννειίμοιτι,
337 2945 439 3006 aieret
461 2943 710 3027 ωολιτευσίιμενον.
748 2943 877 3008 Rectius
900 2945 1033 3010 Rufinus
1053 2945 1103 3010 its

62 3030 291 3128 interpretatur
309 3028 490 3092 Melitenen
508 3040 635 3115 propter
652 3052 781 3117 regnam
795 3029 859 3094 Dei
871 3029 1053 3110 eennclncrn,
1067 3042 1101 3096 et

63 3113 189 3182 Sirrtu
211 3124 314 3178 sancto
340 3113 503 3200 repletura.
547 3114 600 3179 Sic
625 3117 711 3180 enim
736 3137 831 3201 supra
855 3114 1039 3224 Polycrates
1058 3116 1104 3180 de
1144 3173 1146 3183 .

63 3203 90 3264 Ρ
115 3201 205 3288 ''ppi
228 3199 291 3264 filia
312 3200 440 3265 locutus
460 3213 520 3279 est,
536 3199 614 3280 καὶὴ
634 3201 714 3288 ἑτέρον
734 3205 817 3264 αὐτοῦ
838 3206 965 3287 θογοιπηρ
983 3206 1009 3264 ἂν
1025 3200 1103 3288 ἁγίῳ

61 3287 208 3368 πνεύματι
222 3284 459 3368 πολιτευσαμίνη,
474 3285 505 3349 id
520 3299 570 3351 est
585 3285 705 3373 Spiritu
719 3296 825 3350 sancto
839 3284 968 3370 repleta.
1001 3285 1102 3351 Certe

62 3371 259 3438 Melitonem
275 3394 295 3435 a
308 3371 469 3457 plerisque
487 3391 546 3456 pro
570 3370 678 3435 hetam
692 3371 908 3436 existimatum
922 3370 1021 3435 fuisse
1033 3386 1100 3436 tes·

62 3470 153 3522 tatur
171 3457 239 3543 ipse
261 3456 480 3555 Hieronymus
500 3457 534 3520 in
547 3392 634 3521 bbro
649 3456 910 3542 descriptoribus
924 3456 1101 3525 Ecclesiaeh

61 3542 138 3609 ticis
157 3542 204 3607 ita
218 3540 259 3606 de
273 3564 312 3606 eo
334 3543 486 3606 sonbens.
523 3541 629 3625 Hujus
649 3541 774 3629 elegans
795 3551 826 3606 et
847 3540 1102 3607 declamatoriam

62 3629 101 3693 in
123 3629 225 3693 eninm
240 3626 373 3692 Madans
385 3625 597 3692 Tertullianus
610 3627 642 3692 in
657 3638 773 3712 septem
788 3625 876 3691 libris
910 3649 964 3691 nos
977 3627 1103 3714 scripsit

108 3735 211 3779 versu
225 3711 383 3777 ecclesiam
402 3727 459 3797 pro
474 3713 639 3793 Montano,
654 3713 729 3777 dicit
745 3736 814 3778 carn
830 3735 850 3776 a
861 3649 1018 3801 plqerisqne
1031 3736 1100 3779 nos-

63 3811 186 3864 trornm
199 3797 380 3885 proplietam
391 3798 512 3883 putari.
536 3800 741 3866 Venustus.
775 3800 826 3887 τὸν
836 3799 926 3864 abest
939 3820 958 3863 a
969 3798 1104 3884 Nicept.
1156 3852 1159 3862 ,

62 3886 238 3951 Srsosu.

111 3969 194 4037 lbid.
209 3970 293 4036 l.22.
316 3967 470 4057 περιμένων
492 3973 539 4046 τὴν
564 3970 618 4032 ἀπὸ
640 3975 695 4032 τῶν
722 3971 826 4055 spartis
844 3973 1002 4051 ἐπισκοπὴν,
1024 3970 1101 4056 Sta]

64 4055 219 4121 Clemens
234 4057 398 4120 Romanus
412 4056 446 4119 in
457 4053 615 4139 Epistola,
628 4053 652 4117 ol
667 4057 892 4142 φανεροθήσονίοο
901 4060 927 4119 ἐν
939 4063 973 4143 τῇ
987 4062 1104 4120 ἐπισκο-

59 4147 102 4228 πῇ
117 4147 164 4219 τῆς
177 4140 325 4221 βασιλείας
339 4148 387 4205 τοῦ
401 4146 519 4228 Χριςοῡ.
532 4161 603 4226 cap.
616 4154 665 4203 50.
815 4215 821 4227 .
983 4153 987 4162 '

111 4228 147 4293 P.
158 4239 229 4304 371.
243 4226 267 4294 l.
280 4242 310 4292 2.
334 4224 393 4291 ὗτοι
405 4226 513 4303 πάντες
529 4225 602 4311 &c.]
615 4227 705 4295 Haec
727 4225 915 4313 Polycratis
930 4226 971 4292 de
985 4226 1105 4315 qulbus
