2716 4748
159 299 213 369 IN
232 301 368 369 EPIST.
385 303 609 371 VIENNEN.
628 299 685 365 ET
706 299 982 367 LUGDUNEN.
1024 316 1089 387 317

76 470 188 539 uidem
201 471 315 558 possit,
331 470 412 535 illud
425 491 445 535 a
457 471 532 534 Deo
546 491 643 534 causa
655 469 913 533 Christianorum
927 469 1091 556 provisum

49 488 163 636 luisse,
176 578 235 621 seu
247 555 384 621 consulto
398 555 533 619 factum.
564 554 628 618 Sed
642 575 716 619 cum
731 554 864 620 Valesio
875 555 981 641 magis
996 556 1091 620 facio.

98 642 134 705 P.
145 655 216 707 281.
231 641 254 708 l.
269 654 317 717 17.
338 642 384 703 hal
403 639 538 704 πλειόνων
553 640 604 717 ’ἤδη
626 639 749 726 κλήρων]
762 640 837 702 Jam
852 660 949 724 supra
962 640 1091 704 monui-

51 744 129 789 mus
149 724 268 791 multas
288 724 342 789 hic
366 723 589 789 translationes
612 745 683 787 esse
705 745 724 787 a
745 744 779 787 re
798 722 961 787 athletica.
1004 729 1093 789 Inter

51 806 114 873 has
127 808 323 875 numeranda
335 819 386 873 est
398 830 459 873 vox
474 813 579 892 κλῆροι.
624 808 778 872 Solebant
791 807 876 871 enim
892 807 1022 872 athletae
1036 809 1093 894 qui

51 892 89 957 in
113 892 201 958 ludis
223 893 376 957 certaturi
399 905 500 971 erant,
521 893 634 957 sortito
657 892 761 957 educi.
805 891 905 979 Quod
927 893 1093 978 quomodo

54 975 156 1055 fieret,
169 977 267 1043 docet
286 1000 346 1043 nos
368 978 529 1042 Lucianus
550 977 582 1040 in
607 977 826 1041 Hermotimo.
871 976 1005 1041 Cistella
1023 991 1093 1044 erat

53 1082 91 1127 ar
133 1074 219 1141 ntea,
233 1062 308 1126 Deo
327 1061 539 1126 certaminum
561 1060 690 1148 praesidi
709 1082 811 1138 sacra,
823 1060 856 1125 in
876 1083 974 1148 quam
987 1063 1093 1149 conji-

53 1146 106 1211 oie
169 1158 227 1211 tur
239 1160 342 1209 sortes
363 1166 420 1210 seu
441 1159 569 1210 tesserae
584 1146 704 1209 breves.
748 1146 787 1210 In
802 1145 927 1210 duabus
942 1145 1095 1233 inscripta

53 1243 125 1295 erat
137 1229 246 1295 littera
258 1230 290 1293 A
303 1255 313 1294 r
335 1231 368 1294 in
391 1230 460 1294 aliis
480 1230 607 1294 duabus
629 1232 667 1294 B.
681 1231 714 1294 in
736 1230 805 1295 aliis
823 1230 903 1294 item
917 1229 1042 1296 duabus
1055 1238 1093 1296 Γ.

54 1329 91 1379 et
108 1312 155 1379 sic
171 1313 284 1379 deince
307 1336 333 1377 s.
375 1315 459 1378 Tum
483 1313 614 1378 athletae
636 1327 739 1379 sortes
759 1337 778 1378 e
799 1313 882 1379 cista
901 1314 1094 1383 educebant.

53 1396 186 1547 Puibus
204 1398 248 1462 A.
270 1335 461 1475 obvenisset,
481 1399 503 1462 ii
524 1399 607 1463 inter
629 1420 663 1462 se
684 1398 970 1477 committebantur
990 1402 1096 1485 primo

67 1502 132 1547 oco
144 1482 330 1568 pugnaturi.
369 1485 512 1568 Eratque
526 1482 578 1547 hic
595 1489 708 1569 πρῶτος
724 1489 834 1570 κλῆρος.
871 1482 1026 1549 Similiter
1039 1484 1096 1570 qui

54 1566 184 1631 literam
208 1566 247 1630 B.
273 1566 468 1644 eduxissent,
491 1566 633 1631 secundo
656 1567 730 1631 loco
752 1568 836 1632 inter
858 1587 893 1631 se
919 1568 1096 1634 certabant.

56 1652 110 1716 Ita
123 1670 195 1716 sors
208 1662 243 1715 et
255 1672 335 1733 urna
347 1673 442 1715 suum
456 1651 575 1737 cuique
588 1650 804 1716 adversarium
818 1650 1018 1736 adsignabat.
1062 1654 1096 1718 Is

79 1737 115 1801 ui
137 1735 353 1801 adversarium
375 1757 471 1799 suum
492 1736 621 1814 vicerat,
646 1758 710 1799 non
737 1736 846 1801 statim
868 1736 1096 1802 coronabatur.

55 1758 124 1887 §ed
145 1841 222 1885 cum
243 1819 315 1884 aliis
341 1820 396 1906 qui
416 1819 612 1884 adversarios
627 1819 706 1884 item
722 1842 798 1885 auos
813 1819 963 1898 vicerant,
977 1820 1096 1887 iterum

56 1917 262 1992 pugnaturus
275 1904 542 1990 componebatur,
554 1904 657 1968 donec
672 1922 757 1968 unus
771 1904 917 1969 omnium
928 1904 1031 1970 victor
1042 1927 1098 1972 su·

201 2036 210 2055 .
253 1990 363 2075 Quam
385 1990 417 2052 in
440 2010 508 2053 rem
527 1989 674 2074 pluribus
688 2010 771 2075 opus
783 2002 852 2053 erat
864 1988 1097 2061 sortitionibus.

55 2003 222 2139 lllddztst
247 2072 337 2159 quod
362 2074 394 2137 in
419 2073 624 2160 inscriptione
652 2073 851 2150 Famesiana,
878 2095 976 2159 quam
1002 2076 1099 2143 refert

57 2160 220 2225 Gruterus
241 2178 316 2243 pag.
336 2171 407 2222 314.
428 2157 638 2243 Asclepiades
661 2157 793 2245 quidam
818 2159 1043 2237 Pancratiasta,
1064 2161 1098 2225 in

55 2242 172 2309 multis
193 2241 421 2308 certaminibus
439 2243 604 2307 victoriam
624 2241 770 2307 retulisse
784 2241 911 2320 dicitur,
925 2243 958 2305 τὸ
978 2245 1098 2330 δεύτερον

56 2329 109 2391 aral
120 2326 213 2416 epiros
229 2331 303 2409 μετὰ
320 2335 433 2414 πρῶτον
446 2325 463 2404 ἢ
475 2325 593 2412 δεύτερον
608 2332 707 2413 κλῆρον
718 2328 806 2404 ςήσας
818 2327 881 2400 τοὺς
895 2329 1097 2414 anamnesis.

57 2411 102 2477 Id
114 2411 259 2495 esu'pcst
270 2411 410 2496 primam
424 2421 479 2474 ant
492 2421 562 2494 post
577 2412 740 2475 secundom
754 2409 956 2490 sortitionem,
968 2413 1096 2478 secundo

56 2496 112 2561 val
134 2495 224 2561 tertio
246 2495 400 2579 superatis
420 2495 616 2561 mansoriis.
651 2496 691 2560 ld
705 2495 791 2559 enim
805 2516 868 2559 usu
881 2495 1038 2577 veniebat,
1051 2499 1098 2563 ob

56 2602 133 2645 eam
148 2580 305 2646 rationem
320 2602 419 2666 quam
432 2580 509 2659 dixi,
524 2581 650 2679 quoties
669 2580 763 2667 plura
781 2593 872 2645 erant
894 2581 984 2666 paria
993 2581 1099 2648 athle-

57 2680 180 2732 tarum.
222 2664 353 2752 Quippe
374 2664 510 2730 victores
530 2679 614 2729 mter
635 2687 669 2728 se
690 2665 979 2751 componebantur,
994 2678 1028 2733 et
1046 2688 1098 2733 se·

57 2749 170 2815 cunda
180 2750 334 2815 intereos
349 2749 445 2814 fiebat
457 2749 596 2828 sortitio,
607 2770 645 2814 ac
660 2771 770 2815 rursus
783 2749 878 2814 tertia
886 2772 897 2827 ς
916 2749 1020 2817 donec
1032 2752 1099 2817 vic·

57 2834 147 2901 toria
159 2834 200 2898 ad
213 2856 315 2899 unum
330 2833 485 2899 rediisset.
522 2836 566 2899 Et
580 2833 643 2898 hoc
661 2846 721 2912 est,
737 2834 826 2921 quod
839 2834 872 2898 in
888 2835 948 2900 hac
962 2835 1099 2922 epistola

58 2918 181 2985 dicitur
193 2921 239 2982 hal
252 2917 381 2983 πλειόνων
394 2919 510 3005 κλήρων.
536 2918 590 2982 Ad
605 2919 688 2983 hanc
701 2918 895 2984 athletarum
910 2933 1032 2987 sortem
1047 2944 1100 2993 re·

58 3003 195 3069 ferenda
211 3014 286 3068 sunt
302 3024 352 3081 ea,
367 3026 440 3090 quae
456 3003 555 3067 habes
568 3003 602 3068 in
616 3003 774 3112 principio
788 3003 885 3092 hujus
898 3005 1042 3114 epistolae
1057 3008 1101 3074 de

58 3088 247 3175 EpagathO,
260 3088 399 3167 ἀνελήφθη
414 3089 436 3195 a}
451 3091 532 3162 αὐτὸς
546 3092 582 3163 εἰς
595 3113 642 3151 τον
657 3094 755 3174 κλῆρον
768 3091 822 3152 τῶν
837 3114 991 3176 perpauper.
1004 3094 1099 3158 VM..

58 3175 154 3241 Ante
166 3177 267 3258 ἀγῶνα
281 3171 405 3236 addunt
419 3198 523 3257 εχατον
540 3171 714 3257 Christepla.
729 3173 832 3236 lectt.
854 3175 1025 3239 Sanora.

107 3260 143 3323 P.
157 3271 227 3323 282.
252 3257 274 3321 l.
294 3272 321 3320 1.
342 3260 394 3331 τὰς
413 3256 541 3334 διεξόδους
564 3263 618 3320 τῶν
641 3256 786 3341 missos]
812 3257 983 3322 Musculus
1008 3261 1101 3327 vertit

16 3403 19 3408 .
61 3343 232 3409 verberum
247 3342 417 3407 illationes.
447 3340 761 3427 christophorsonus
776 3342 990 3428 trajectiones.
1019 3346 1101 3411 Dic·

61 3439 137 3492 tum
150 3426 275 3492 videtur
287 3447 348 3513 pro
361 3429 413 3501 τὰς
428 3428 455 3488 is
471 3428 533 3499 ταῖς
554 3425 676 3504 διεξῶοις
695 3425 833 3510 μάςιγας,
848 3426 882 3490 id
894 3441 955 3507 est,
970 3429 1101 3497 verbera

60 3511 156 3577 illata
168 3511 248 3577 dum
263 3510 504 3577 traducerentur
516 3510 550 3574 in
565 3531 696 3596 pompa.
726 3511 831 3576 Moris
846 3524 954 3577 autem
970 3526 1049 3594 erat,
1063 3529 1102 3586 ut

61 3595 206 3662 bestiarii
220 3607 390 3682 antequam
412 3616 458 3680 pu
539 3608 595 3659 ent
614 3616 688 3659 cum
704 3595 814 3660 bestiis
830 3596 938 3682 flagris
953 3598 1101 3673 verbera·

61 3692 187 3760 rentur,
199 3694 238 3745 ut
250 3680 349 3746 docet
361 3680 440 3745 Tcrt
487 3680 494 3694 '
517 3701 577 3745 nus
589 3679 622 3743 in
634 3680 690 3745 lib.
703 3681 730 3744 1.
744 3679 785 3744 ad
797 3681 957 3747 Nationes
967 3703 1038 3769 cap.
1052 3699 1100 3751 ιθ.

60 3777 100 3831 et
112 3765 148 3831 in
159 3764 219 3831 lib.
232 3763 276 3829 ad
288 3766 454 3851 Martyres
466 3784 537 3849 cap.
548 3779 579 3829 5.
619 3765 671 3829 Sic
694 3763 727 3828 in
750 3764 899 3829 Passione
912 3767 969 3831 SS.
984 3769 1101 3856 Perpe-

62 3864 134 3917 tue
145 3861 188 3915 et
204 3848 377 3914 Felicitatis
396 3847 551 3933 scriptum
569 3848 724 3935 legimus:
745 3848 801 3913 Ad
821 3848 875 3913 luc
891 3850 1025 3936 popalus
1045 3848 1101 3920 ea}-

63 3931 379 4020 mperntusflngellis
392 3954 441 3996 eos
455 3932 562 3997 vexari
576 3948 634 4017 pro
650 3932 758 3997 ordine
771 3945 951 3999 venatorum
961 3938 1102 4021 portula·

63 4019 123 4085 ait.
168 4018 238 4085 Ubi
259 4018 330 4083 vide
351 4040 424 4104 quae
446 4029 539 4081 notat
559 4019 664 4081 Lucas
684 4016 886 4084 Holstenius.
924 4022 1039 4106 Itaque
1058 4045 1101 4089 eo

59 4105 140 4173 loco
167 4102 298 4182 διεξόδους
326 4115 417 4168 verto
442 4101 690 4167 transcursiones
713 4103 900 4188 flagromm.
943 4106 1100 4173 Omnium

61 4189 152 4257 enim
163 4201 352 4255 venatorum
366 4189 468 4274 flagra
485 4191 543 4273 'per
562 4185 709 4253 ordinem
728 4188 929 4275 excipiebant
949 4189 1102 4272 bertarii,
