2716 4748
545 302 833 376 MAXIMUS
1138 324 1203 396 429

169 475 276 578 atque
293 477 351 554 ille
366 479 429 577 qui
445 478 612 556 vicesimo
628 480 788 579 septimo,
805 503 864 553 seu
890 474 995 578 capiti
1017 479 1126 578 vulgo
1145 480 1204 553 ul-

165 582 275 694 timo,
293 579 458 694 praefixus
474 597 534 654 est.
569 580 631 653 Sin
647 604 728 653 vero
746 578 917 653 Contius
908 603 981 676 ipse
990 577 1075 653 haec
1091 580 1205 679 capita

162 679 340 770 omiserit,
369 704 412 752 eo
436 677 546 777 magis
570 715 613 750 πα
614 685 727 777 gimpa
753 677 852 751 nobis
877 677 1078 752 deflendum
1101 677 1204 768 foret,

172 781 295 875 qnod'
287 796 335 852 rta
354 779 526 876 jacturam
540 713 660 851 auxilii
675 801 719 850 ex
735 777 973 873 antiquissimo
988 778 1126 877 petendi
1143 802 1205 852 co-

160 878 291 966 «dice,
283 902 356 950 imo
354 806 606 992 Jautographo,
628 877 705 973 (nisi
728 879 825 989 quod
851 877 977 950 indices
1004 877 1205 974 hujusmodi

171 996 219 1049 etr
248 978 316 1050 alio
344 977 531 1050 codicem
559 977 666 1049 alium
694 976 831 1049 transire
856 977 986 1066 solent)
1008 977 1203 1053 fecerimus
1241 991 1243 1005 “

162 1075 239 1148 Est
255 1101 397 1173 quoque
414 1076 499 1149 alius
517 1075 661 1172 quidam
677 1074 825 1148 codex
817 1100 853 1147 rn
879 1076 1009 1149 Museo
1031 1077 1205 1151 Saviliano

173 1193 335 1262 servatus,
347 1177 408 1273 qui
425 1177 461 1248 in
479 1175 665 1248 Bodleiano
678 1175 848 1288 Catalogo
863 1199 1009 1249 numero
1026 1177 1048 1247 6
1051 1179 1120 1271 558
1139 1201 1204 1251 no·

174 1291 289 1359 tatur3
316 1277 357 1348 is
368 1298 450 1348 vero
468 1275 534 1349 tria
556 1291 693 1347 tantum
714 1273 825 1372 capita
840 1274 994 1348 continet
1011 1273 1207 1350 Philocaliae

174 1374 349 1471 Origenis,
372 1398 472 1486 capp
497 1399 557 1457 21,
583 1393 624 1468 25
606 1392 722 1471 5,.27
774 1375 883 1448 Quod
911 1375 955 1446 ad
984 1373 1205 1448 Methodiana

165 1468 246 1543 -Fra
242 1487 378 1572 gmenta
408 1474 541 1560 attinet,
571 1427 864 1546 Coinbefisianam
899 1473 1085 1549 editionem
1114 1500 1207 1548 anno

164 1574 298 1665 '1644
289 1596 502 1670 impressam,
520 1596 589 1644 una
605 1595 686 1645 curn
711 1571 828 1644 Photii
844 1596 957 1670 opere,
974 1574 1095 1670 quod
1087 1574 1206 1647 inscri-
1238 1656 1241 1664 ,

174 1670 268 1744 bitur
281 1670 498 1758 Bibliotheca,
513 1669 668 1744 adhibui.
701 1660 884 1782 Dialogum
900 1690 1105 1768 autem,qu1
1094 1673 1206 1746 Ori·

174 1770 271 1867 genis
288 1791 445 1858 vocatur,
463 1785 577 1842 contra
590 1769 825 1859 Marcionitae,
845 1771 970 1843 Graece
986 1771 1116 1868 primus
1132 1773 1208 1847 edi·

173 1868 227 1941 dit
256 1871 398 1942 Basileae
430 1871 487 1942 lo
518 1869 697 1967 Rodolpli
726 1869 940 1942 Wetstenius
973 1895 1066 1943 anno
1100 1874 1207 1969 1674

175 1967 294 2064 Hujus
320 1969 479 2066 opusculi
504 1986 598 2040 extat
621 1967 799 2065 exemplar
823 1969 971 2042 Ms51n
996 1970 1209 2046 bibliotheca

166 2067 374 2156 Bodleiana,
388 2092 544 2164 quocum
560 2061 663 2154 edita,
681 2068 739 2140 sed
757 2092 862 2164 parvo
879 2091 966 2141 curn
979 2068 1109 2159 fructu,
1123 2095 1208 2143 con-

175 2167 252 2240 tuli.
304 2167 431 2265 Neque
448 2168 514 2262 maj
517 2191 612 2242 orem
629 2165 717 2239 mihi
738 2166 889 2264 praebuit
903 2191 1008 2264 opem
1026 2169 1208 2244 Delatuae-

163 2289 240 2338 ana
256 2263 397 2366 Dialogi
418 2268 510 2363 apud
537 2267 726 2362 Origeoem
748 2265 866 2356 editio,
891 2290 973 2362 quae
997 2266 1140 2361 quidem
1164 2269 1208 2343 ad

163 2367 326 2438 verbum
342 2391 388 2438 ex
402 2365 642 2437 Wetsteniana
657 2365 716 2435 illa
732 2367 913 2461 desumpta
929 2365 1058 2438 nullam
1076 2367 1208 2439 varian-

176 2481 251 2536 tem
267 2465 450 2537 lectionem
468 2483 590 2562 praeter
606 2488 712 2536 unam
730 2463 827 2535 nihili
843 2461 1039 2536 habendam
1053 2489 1099 2538 ex
1112 2467 1209 2540 codi-

177 2562 276 2636 cibus
291 2565 424 2663 seriptis
441 2563 646 2661 suppeditat
1188 2614 1191 2619 -

165 2704 168 2713 ·
225 2663 362 2736 Textus
375 2687 459 2736 vero
471 2681 578 2735 nostri
568 2661 795 2760 archetypus
808 2679 858 2734 est
870 2661 1011 2735 Eusebu
1024 2663 1211 2762 Praepara·

168 2762 224 2834 ,tia
238 2761 463 2874 Evangelica,
479 2764 538 2834 sed
554 2786 599 2834 ex
616 2762 777 2859 Origenis
794 2758 978 2833 Philocalia
994 2765 1208 2861 caeterisque,

177 2885 267 2956 quos
292 2861 447 2947 adhibui,
472 2860 633 2959 operibus
657 2879 790 2934 mutata
810 2879 851 2933 et
864 2862 1073 2958 quandoque
1097 2880 1210 2939 aucta.

178 2959 233 3031 Ita
250 2983 332 3033 cum
349 2961 547 3034 variationes
568 2957 750 3032 Philocalia
772 2958 894 3034 habeat
910 2985 930 3032 a
945 2980 1046 3034 textu
1063 2961 1212 3036 Eusebi-

179 3083 247 3130 ano
273 3062 317 3131 ad
346 3062 522 3150 ducentas,
556 3056 761 3135 Maximum
793 3058 864 3132 fere
896 3060 1098 3156 quadragies
1130 3061 1211 3135 inde

178 3161 358 3233 emendare
390 3159 498 3271 potui.
551 3158 657 3231 Porro
687 3158 814 3254 saepius
838 3158 940 3230 solito
969 3183 1013 3234 ex
1038 3159 1211 3233 Methadia

181 3255 396 3356 Dialogoque
411 3258 601 3330 orationem
617 3257 696 3328 totis
710 3256 882 3328 sententiis
897 3255 1109 3353 amplificare
1123 3257 1210 3332 mihi

179 3356 291 3445 licuit,
313 3359 410 3452 quod
435 3357 578 3452 quidem
604 3381 673 3428 non
699 3358 742 3427 ad
769 3354 1035 3429 ostentationem
1060 3357 1210 3454 profero,

180 3457 238 3526 sed
256 3475 295 3528 ut
310 3458 573 3539 demonstretur,
587 3474 720 3550 quanto
738 3453 954 3527 correctiores
970 3457 1111 3529 tandem
1129 3481 1217 3570 pro-v

178 3554 253 3624 dire
273 3556 409 3652 possint
421 3574 576 3627 auctores
578 3552 751 3666 plurium
772 3577 838 3651 ope
860 3553 1040 3666 librorum,
1058 3557 1211 3629 maxime

178 3671 313 3739 eorum,
331 3655 392 3749 qui
413 3653 588 3732 remotiori
609 3652 697 3726 inter
713 3678 747 3724 se
764 3652 970 3748 cognatione
987 3653 1210 3769 conjungun-

180 3770 246 3824 tur.
293 3753 387 3827 Quae
404 3753 481 3825 loca
504 3778 524 3825 a
546 3777 601 3825 me
619 3769 750 3825 mutata
765 3776 810 3824 ex
826 3751 919 3824 libris
934 3750 1073 3839 fierint,
1092 3755 1211 3828 omnia

181 3852 311 3938 notavi,
340 3871 467 3924 caetera
491 3850 559 3923 fere
586 3853 748 3924 varietate
775 3851 941 3961 neglecta.
996 3852 1055 3923 Ad
1082 3854 1211 3926 versio-

181 3973 263 4037 nem
286 3950 446 4023 Latinam
470 3952 567 4048 quod
593 3951 724 4038 attinet,
742 3947 858 4046 Vigeri
882 3949 978 4023 illam
997 3951 1049 4022 ad
1037 3950 1152 4045 Junxi,
1170 3954 1211 4027 iis

181 4066 318 4122 tanturn
343 4050 427 4122 locis
453 4051 506 4121 rel
532 4068 669 4131 auctam
688 4049 741 4122 vel
762 4065 944 4136 mutatam,
962 4073 1051 4143 quos
1072 4073 1225 4146 respon

178 4150 260 4220 dere
278 4149 457 4245 oportebat
474 4149 586 4223 serbis
603 4149 738 4228 Graecis
754 4147 853 4249 quasi
876 4148 1091 4246 postliminio
1114 4153 1210 4227 rede-

111 4246 334 4334 ‘ustibus
378 4248 435 4322 De
452 4247 505 4320 his
524 4266 671 4323 tanturn.
