2716 4748
334 284 386 352 us
414 284 557 355 suoru
586 256 879 357 sessurum.
1077 304 1115 363 or

76 454 202 541 primis
213 456 414 522 miserium
424 466 511 540 puto.
551 454 722 522 Verisimile
737 467 782 520 est
795 455 877 521 enim
890 452 1116 521 Reoelotiorrem

83 541 184 605 illam
194 541 327 607 loannis
339 541 460 606 nomiae
474 541 665 626 inscriptam,
679 540 707 604 si
721 565 780 605 noo
798 564 817 605 o
838 541 939 626 priore
957 539 1022 618 illo,
1037 551 1117 605 certo

81 625 129 691 alr
144 626 203 690 ltoc
214 628 380 712 posteriore
398 627 496 690 oborn
507 626 623 712 fuisse.
667 627 712 689 Et
728 625 844 710 Papias
857 626 979 713 qrridero
999 625 1044 699 de¹
1058 645 1116 712 quo

86 732 176 784 nunc
188 733 355 777 samonem
369 710 522 788 dolemus,
535 709 749 796 Apostolorum
765 712 859 790 dicto,
874 711 911 775 ol
928 711 965 774 iis
979 711 1033 796 qui
1048 732 1117 774 cum

83 796 255 880 Apostolos
266 796 527 882 uersatisuerarot,
539 819 571 862 se
584 795 732 880 occepisse
742 794 926 881 profitetur:
949 794 1118 861 Aristiouis

86 892 198 945 natm
224 892 256 946 et
285 882 415 946 Joannis
443 882 618 967 Presbyteri
647 881 816 945 auditorem
843 904 875 945 se
900 881 991 955 diois
1000 880 1117 966 fuisse.

87 965 206 1031 Mauo
219 977 299 1031 certe
309 989 383 1054 quta
402 965 440 1030 al
462 966 501 1030 iis
518 967 637 1030 tradito
651 978 817 1050 occeperat,
831 966 965 1051 ipsorum
978 966 1118 1030 nomina·-

90 1050 153 1115 tins
170 1052 436 1138 meutioaefaeta,
453 1050 485 1114 in
502 1051 725 1116 commentor-iis
740 1052 803 1115 suis
817 1051 935 1117 retulit.
979 1054 1030 1116 Ita
1045 1051 1117 1137 qui·

88 1134 168 1204 dem
183 1137 357 1213 Eusebius3
373 1137 403 1201 ei
417 1152 524 1201 autem
540 1137 592 1201 hic
607 1149 639 1200 et
652 1149 725 1200 ante
739 1137 904 1222 colligenti
916 1160 956 1200 ex
973 1136 1117 1222 Papiaois

89 1220 206 1298 verbis,
223 1221 330 1306 ipsum
354 1223 481 1306 Papiam
505 1244 568 1285 non
594 1222 691 1286 fuisse
713 1228 766 1284 τῶν
787 1223 890 1284 δώδεκα
910 1222 1117 1307 discipulum,

90 1306 245 1453 ffipoeuit
267 1328 337 1370 sese
358 1321 432 1392 post
451 1307 648 1371 Halloixium
669 1306 702 1370 in
721 1307 804 1371 Vitis
816 1310 948 1371 Petrum
964 1305 1118 1385 Orirutol,

125 1390 237 1475 'osque
249 1392 332 1456 viros
344 1392 468 1469 doctos,
482 1394 576 1456 Joan.
592 1395 665 1455 Em.
683 1391 832 1469 Grabius,
846 1406 926 1456 tom.
939 1392 970 1456 ii.
988 1391 1118 1476 Spicile-

86 1522 90 1527 -
121 1473 139 1487 ''
161 1477 307 1554 Parrum,
329 1498 361 1562 p.
378 1492 443 1555 27„
456 1484 477 1516 “
492 1476 656 1553 Eusebii,''
679 1476 782 1562 iuquit
805 1477 869 1555 ille,
896 1478 1118 1553 “auctoritato

87 1566 115 1611 -“
127 1573 237 1625 motus
250 1562 415 1641 Batonius,
432 1562 623 1661 posthabitis
635 1561 741 1637 Bedae,
756 1563 905 1640 Usuardi,
922 1562 1044 1625 Adonis
1056 1563 1117 1626 &a

92 1651 115 1684 “
126 1646 380 1744 Martyrologiis,
392 1649 448 1711 ubr
461 1647 570 1732 Papias
581 1668 726 1732 expresse
737 1647 868 1710 Jooooo‘s
877 1646 1017 1731 Apostoli
1027 1647 1117 1710 audi·

93 1735 115 1769 “
128 1744 180 1795 tor
192 1731 298 1795 dictus
313 1745 373 1809 est,
384 1733 415 1796 in
429 1753 489 1796 suo
504 1733 623 1816 posuit,
633 1732 762 1796 Joonots
774 1730 918 1797 Senioris.
941 1731 1004 1796 Sed
1018 1732 1118 1801 miror

93 1821 114 1863 ‘=‘
126 1815 210 1880 viros
234 1816 313 1881 istos
334 1817 448 1882 doctos
464 1816 559 1880 fidem
574 1818 744 1902 abrogasse
759 1818 892 1891 lrenae0,
906 1839 926 1880 a
941 1839 1005 1903 quo
1019 1818 1117 1887 Jourrr

90 1905 113 1941 “
126 1923 196 1965 aem
219 1902 289 1965 sine
313 1901 424 1966 addito
447 1902 583 1981 dicente,
606 1902 800 1986 Apostolum
823 1904 1026 1987 designatum
1047 1924 1117 1967 esse

91 1990 113 2084 ‘s
122 1985 255 2073 ipsimet
266 1988 496 2072 agnoverunt.”
536 1990 673 2084 (Locum
697 1987 808 2050 Ircnaei
827 1988 965 2086 (irabius
987 1988 1039 2050 hic
1060 1987 1119 2063 de·

88 2071 564 2243 tttttttbttttltt‘t
582 2073 723 2221 itit
739 2072 1117 2243 iliiifflltssilliiiil

87 2246 111 2280 “
125 2241 313 2328 discipulus,
332 2244 426 2340 juxta
449 2243 686 2328 Hieronymum
710 2243 813 2328 Epist.
827 2258 877 2321 29.
901 2243 942 2306 ad
966 2243 1119 2307 Theodo-

87 2332 111 2367 “
124 2348 205 2406 ram,
220 2348 259 2391 ac
272 2328 408 2412 proinde
428 2328 509 2391 bene
527 2349 657 2412 gnarus,
671 2349 737 2412 quo
757 2328 809 2391 liic
828 2329 959 2393 doctore
974 2351 1049 2392 usus
1064 2330 1117 2393 fu·

86 2417 111 2453 “
125 2410 199 2477 erit.
243 2412 364 2476 Melius
386 2414 495 2498 itaque
518 2414 736 2499 Hieronymus
752 2413 824 2476 loco
839 2414 949 2490 citato,
968 2416 1013 2492 (et
1026 2413 1115 2495 alibi)

85 2502 111 2535 “
123 2496 270 2562 Andreas
289 2497 492 2561 Caesariensis
501 2497 537 2565 iu
555 2497 782 2582 Apocalypsin,
795 2498 987 2562 Anastasius
998 2497 1053 2561 lib.
1066 2499 1118 2562 vii.

82 2587 110 2625 “
125 2582 158 2647 iu
186 2583 422 2661 Hexaemerom
452 2582 615 2646 Maximus
644 2583 762 2667 aliique
786 2605 849 2646 una
876 2605 952 2647 cum
967 2582 1118 2653 ‚laudatis

84 2673 110 2708 ‘⁶
125 2667 310 2754 Martyrolo
336 2668 440 2733 ‘orum
464 2668 658 2746 auctoribus,
678 2667 806 2752 Papiam
826 2669 957 2733 Joonnis
975 2666 1119 2751 Apostoli

86 2757 113 2791 “
126 2753 176 2816 vel
185 2753 317 2839 Eoouge
332 2752 403 2817 istoe
412 2753 588 2816 auditorem
600 2765 832 2838 nuncuparunt.
855 2754 952 2819 Dices
961 2775 1048 2831 cum,
1058 2753 1118 2833 vel,

85 2843 113 2881 ‘⁶
150 2858 185 2901 ro
200 2838 353 2916 Eusebi0,
368 2839 522 2924 majorem
542 2837 603 2922 ipsi
626 2838 740 2922 Papia,
755 2861 851 2924 quam
874 2840 1007 2918 Irenaeo,
1023 2838 1127 2903 lidem‘

86 2927 113 2965 “
127 2857 305 2989 iubendam
323 2945 413 2988 esse:
436 2923 525 2986 illum
550 2944 621 2986 vero
644 2945 677 2986 se
699 2945 762 2985 non
781 2923 942 3008 Apostoli,
956 2924 1011 2987 sed
1028 2925 1119 2989 Pres-

84 3011 112 3045 “
128 3007 231 3092 byteri
244 3008 377 3071 loannis
391 3007 567 3071 auditorem
585 3007 710 3071 dixisse.
750 3009 799 3072 Ita
814 3009 942 3094 quidem
957 3010 1116 3075 Eusebius

84 3095 113 3131 “
125 3091 167 3156 de
188 3092 306 3178 Papia,
335 3093 392 3156 sed
414 3114 477 3157 non
501 3093 611 3176 Papias
633 3092 673 3156 de
695 3094 892 3179 semetipso:
920 3093 975 3179 qui
1002 3117 1036 3158 se
1056 3117 1117 3159 nec

82 3182 112 3217 “
123 3177 275 3240 dodonem
289 3176 471 3260 Apostolum
485 3178 639 3241 audivisse
661 3192 768 3262 negat,
789 3200 846 3242 uec
860 3178 1037 3264 Presbyteri
1056 3201 1116 3243 au-

23 3284 30 3297 ’
84 3268 113 3301 “
125 3262 262 3325 ditorem
284 3263 382 3326 fuisse
402 3262 496 3347 plane
516 3262 661 3326 affirmat.
696 3264 841 3348 Negasse
855 3263 938 3328 male
952 3264 1118 3329 concludit
1202 3305 1206 3313 ·

84 3346 283 3411 “Eusebius
306 3370 346 3411 ex
372 3349 440 3411 istis
467 3348 509 3411 Pa
533 3347 570 3410 iae
596 3347 710 3425 verbis,
729 3350 782 3412 ubi
804 3348 858 3426 ait,
874 3371 905 3412 se
924 3348 1056 3413 sollicite
1076 3372 1116 3415 eos

82 3436 111 3471 “
124 3430 341 3515 Apostolorum
344 3369 564 3518 familiorilas
583 3431 772 3496 sciscitatum
784 3455 856 3512 esse,
872 3433 947 3520 quid
961 3435 1115 3512 Andreas,

85 3522 112 3555 “
126 3516 204 3602 quid
222 3518 335 3581 Petrus
349 3518 408 3581 icc.
430 3517 540 3604 quidue
552 3519 686 3581 Joounes
703 3517 850 3582 dixerint.
893 3521 979 3582 Nam
1000 3519 1114 3584 eadem

84 3609 111 3642 ‘⁴
126 3602 248 3665 ratione
269 3601 453 3688 negandum
472 3624 602 3688 quoque
616 3603 738 3680 fuisset,
753 3603 839 3688 quod
853 3605 1010 3667 loannem
1027 3605 1116 3668 Pres-

71 3693 112 3741 .“
125 3686 275 3770 byterum
294 3687 447 3751 audiverit
467 3689 590 3772 Papias,
605 3688 753 3773 quoniam
770 3702 803 3752 et
823 3689 855 3750 in
869 3687 966 3774 hujus
981 3688 1067 3754 dicta
1081 3711 1115 3767 se

69 3777 111 3829 .“
124 3770 322 3856 inquisivisse
337 3772 456 3835 ibidem
472 3785 616 3851 testatur,
630 3773 770 3836 addens:
790 3773 870 3857 Quae
886 3773 958 3836 item
972 3774 1116 3838 Aristion

71 3861 157 3923 ‚“·et
168 3856 303 3920 «loannes
315 3856 492 3942 Presbyter,
506 3856 650 3941 discipuli
668 3857 795 3921 Domini
816 3856 907 3942 effati
925 3857 1001 3922 sirit,
1039 3861 1115 3923 Hoc

68 3947 112 4000 .“
125 3953 233 4004 tamen
248 3942 379 4004 omuino
393 3942 495 4006 voluit
512 3943 680 4021 Eusebius,
693 3943 768 4007 licet
790 3966 853 4006 non
875 3943 959 4008 clare
979 3943 1116 4007 affirma-

68 4031 112 4099 ,.“
124 4025 205 4089 verit
220 4026 341 4110 Papias.
375 4026 504 4114 Quippe
520 4027 546 4091 is
561 4049 661 4091 unum
674 4027 803 4112 quidem
818 4042 851 4092 et
865 4029 1000 4093 alterum
1015 4029 1115 4107 Joan-

68 4110 174 4179 .“uis
193 4110 327 4175 senioris
343 4109 467 4175 dictum
487 4113 586 4188 ,refert
606 4113 693 4198 apud
712 4112 887 4177 Eusebium
901 4114 964 4178 loc.
978 4113 1033 4178 cit.
1049 4135 1115 4189 non

66 4200 236 4269 „emman
253 4215 290 4263 aa
306 4195 415 4283 iprum
434 4195 504 4272 ‚hac
518 4218 558 4263 ex
571 4196 628 4292 illo
639 4197 797 4278 audivisse
817 4197 872 4269 ait.
914 4198 1130 4281 Verumuou'

573 4302 593 4346 c
605 4295 623 4345 3
