2716 4748
393 292 400 302 ’
460 306 770 389 inminuto.
1089 328 1140 386 xv

86 484 290 584 sciverint,
320 478 495 595 quodque
520 495 618 571 idem
645 518 693 569 ex
721 490 824 573 nullo
848 487 1024 590 primario
1051 487 1144 565 arti.

88 623 180 697 otilo
200 619 288 697 fidei
309 619 499 720 originalis
521 645 587 719 per
609 616 897 704 oonclusionem,
915 625 957 688 ut
981 612 1142 708 loquun-

87 754 166 834 tur,
192 743 396 817 necessario
422 753 607 839 sequatur.
657 738 741 815 Etsi
763 737 877 829 enim,
898 733 1075 834 quicquid
1098 733 1145 811 in-

88 865 131 941 S.
144 865 337 966 Scriptum
351 876 500 941 censeat
516 890 555 939 se
570 863 754 963 quispiam
772 859 955 935 invenisse
968 858 1014 932 de
1031 857 1142 933 rebus

88 986 228 1063 divinis
252 987 428 1088 positum,
450 986 489 1061 id
513 1011 600 1062 eum
626 997 771 1086 oportet
794 1010 863 1084 pro
887 994 966 1056 rato
991 983 1143 1078 fixoque

87 1110 240 1203 habero,
257 1111 352 1186 nihil
375 1125 502 1185 tamen
520 1109 633 1208 angit,
651 1119 694 1182 ut
714 1106 814 1181 idem
839 1105 961 1206 ipsum
985 1103 1141 1178 dueatur

89 1231 229 1332 dogma
239 1233 497 1323 necessarium,
507 1231 781 1330 quodaoontra
793 1228 1036 1306 sentientibus
1048 1252 1143 1300 non·

89 1355 165 1430 nisi
189 1381 276 1429 cum
303 1357 430 1431 salutis
448 1355 606 1453 jactura,
623 1367 688 1430 aut
704 1353 894 1427 catholicae
910 1350 1146 1436 communio·

90 1477 152 1552 nis
169 1477 379 1569 amissione,
395 1479 520 1576 negari
537 1478 594 1551 vel
613 1476 769 1550 recusari
786 1476 915 1576 possit.

142 1599 217 1674 His
243 1599 396 1696 quidem
422 1599 551 1698 positis
573 1612 612 1673 et
636 1600 831 1689 concessis,
848 1598 948 1698 pacis
972 1623 1055 1697 spes
1076 1595 1145 1671 ali·

91 1746 167 1820 qua
189 1722 298 1797 nobis
321 1722 521 1820 affulgeret.
573 1720 647 1796 Hei
670 1721 781 1794 mihil
805 1720 953 1818 quando
974 1719 1144 1794 restitue·

88 1856 155 1920 tun
169 1844 336 1924 eeclesia
353 1844 533 1928 universe
550 1842 757 1943 disciplina,
775 1855 813 1916 et
835 1843 903 1927 toti
926 1841 1143 1917 hierarchias

90 1966 342 2043 vindicabitur
358 1968 476 2041 honos
489 1992 589 2058 suus,
605 1980 715 2065 atque
731 1967 939 2056 auctoritas,
950 1990 1034 2063 quse
1051 1963 1143 2041 olim

10 2127 13 2132 ·
88 2089 249 2181 velabat,
265 2088 468 2173 canonica?
494 2091 668 2190 abrogato
686 2090 771 2189 jure
782 2089 996 2179 arbitrario,
1014 2087 1144 2163 simul-

91 2234 168 2308 que
191 2212 404 2287 obedientia
427 2237 526 2288 nasos
550 2238 593 2287 ao
619 2213 746 2303 nimia,
768 2211 901 2310 quidni
923 2210 1060 2285 novitia
1079 2210 1145 2285 illa

90 2332 367 2427 infallibilitate,
386 2363 451 2413 seu
466 2351 645 2438 potestate
663 2338 884 2414 decernendi
908 2337 948 2412 in
973 2339 1081 2412 rebus
1099 2338 1144 2412 u·

92 2457 154 2535 dei
177 2459 255 2535 falli
281 2462 432 2539 nescia?
456 2464 557 2562 quod
574 2463 724 2562 quidem
746 2461 809 2561 jus
826 2462 1144 2554 commenticium,

92 2610 136 2659 ae
171 2587 310 2662 nullius
345 2587 541 2687 singularis
575 2588 750 2678 eeclesiae,
788 2586 996 2690 autetiam
1030 2586 1146 2685 patri·

92 2710 264 2788 archatus
293 2709 497 2809 proprium,
527 2735 614 2785 nam
644 2708 691 2783 de
720 2709 933 2784 testimonio
958 2708 1071 2784 totius
1097 2711 1145 2785 ab

92 2831 203 2907 initio
226 2831 392 2912 eeclesia
417 2832 517 2908 haud
534 2856 624 2932 ago,
649 2857 799 2907 omnem
827 2858 929 2931 spem
957 2833 1054 2906 tollit
1080 2834 1146 2908 ab·

92 2956 219 3033 olendi
236 2957 397 3058 pardum
414 2980 554 3032 errores
570 2967 609 3031 et
625 2955 891 3041 dissentionem
917 2968 1027 3053 atqua
1052 2957 1145 3035 adeo

92 3077 134 3152 in
160 3091 344 3157 aeternum
369 3090 548 3181 propagat
574 3078 733 3153 schisma
761 3103 870 3177 grave
898 3088 937 3150 et
964 3078 1147 3176 pernicio·

93 3224 190 3274 sum.
243 3200 311 3276 Sin
333 3200 416 3293 erit,
433 3212 478 3275 ut
496 3200 583 3296 jura
604 3200 668 3274 illa
683 3224 768 3274 vera
793 3211 831 3272 et
855 3199 1007 3295 antiqua
1031 3224 1145 3278 merae

92 3321 306 3420 tyrannidis
332 3323 412 3397 loon
437 3321 698 3412 instaumntur,
724 3331 805 3396 tum
831 3319 983 3395 demum
1009 3322 1086 3412 fist,
1113 3321 1144 3398 si

93 3431 181 3521 Deo
212 3445 410 3537 videbitur,
440 3444 604 3519 ecolesiae
638 3442 818 3517 universae
848 3442 935 3517 liliis
964 3442 1004 3517 in
1036 3446 1146 3521 rebus

93 3568 310 3646 necessariis
327 3568 463 3658 unitas,
480 3579 591 3665 atque
607 3566 740 3638 innon
758 3565 969 3639 necessariis
988 3565 1090 3663 justa
1107 3579 1146 3643 et

94 3686 259 3787 optanda
275 3687 436 3762 libertas.
487 3689 540 3761 At
556 3685 757 3761 dolendum
775 3697 833 3759 est
848 3685 998 3777 interea,
1015 3713 1145 3785 pacem

95 3800 261 3886 eedlesiae
278 3810 387 3886 istam
405 3810 719 3910 exoptatissimam
739 3808 856 3908 magis
879 3833 900 3882 a
921 3836 1050 3909 regum
1066 3813 1147 3912 pla·

96 3934 193 4024 aitis,
210 3947 323 4032 atque
336 3934 617 4009 ambitiosorum
635 3944 673 4006 et
687 3930 925 4005 factiosorum
949 3932 1144 4011 hominum

95 4056 273 4150 oonsiliis,
291 4083 403 4155 quam
421 4056 573 4133 veritate
590 4055 795 4155 theologica
811 4054 983 4154 pendere.
1158 4138 1165 4148 ,

130 4178 204 4291 ¹11.
228 4178 366 4271 Adhuc
381 4205 467 4283 qua
484 4180 621 4292 scripta
636 4189 736 4272 sunt,
753 4176 800 4257 ad
817 4177 937 4281 operis
962 4203 1146 4271 summam
