2716 4748
303 239 583 335 Quaunurus
607 236 663 309 uu
684 228 930 314 nausimus,
1085 259 1125 332 μ

97 420 160 476 nesi
172 417 291 484 wncedi,
305 425 333 475 et
344 420 401 476 sinc
412 419 470 476 ullo
484 420 602 485 crimine,
616 420 729 474 nominis
739 425 849 475 tanturn
862 425 889 475 et
900 410 977 475 rectu
989 433 1048 475 reos
1052 418 1128 495 fieri.

100 524 204 590 Quibus
224 532 370 581 wnrnotus
391 521 551 581 Hadrianus
576 523 697 580 Minucio
720 522 851 580 tundam
877 522 1036 582 Proconsuli
1056 525 1130 582 Asia

96 631 201 699 scribit,
215 648 269 689 non
281 627 338 688 sinc
350 631 452 706 objectu
470 635 611 688 eriminum
626 629 788 688 Christianos
805 633 1016 692 condemnandos
1023 656 1033 701 ;
1054 631 1130 705 cnjus

97 723 220 810 quinia
236 753 318 811 rupte
336 737 374 791 ad
391 743 510 792 nostram
526 736 684 792 manduriam
701 735 784 789 durat
801 735 957 808 esernplum.
981 734 1017 791 ad
1034 754 1080 791 an.
1098 752 1129 793 x.

98 826 241 898 Hadriani
254 860 283 918 p.
300 835 365 901 167.
385 837 428 897 ed.
442 841 535 896 Amst.
569 837 659 896 Extat
679 840 734 895 hoc
755 840 922 916 rescriptum
941 839 1015 918 apud
1035 841 1128 900 Euse-

96 938 179 1000 bium
193 944 225 998 in
238 943 312 999 Hist.
326 941 402 999 Eccl.
415 939 465 997 lib.
479 941 517 998 iv.
536 958 597 1018 cap.
613 931 640 998 9'.
675 938 759 997 Unde
775 939 805 996 iu
822 941 947 1016 Epistola
962 961 1075 1020 quoque
1091 942 1129 1003 ad

97 1044 234 1121 Magnum
247 1046 281 1103 de
293 1046 442 1107 Quadrato
457 1044 518 1101 hac
534 1040 621 1101 habet
639 1043 713 1100 idem
732 1028 934 1121 Hieronymus.
972 1048 1128 1112 Quadratus

96 1150 280 1227 apostolarum
299 1151 454 1225 discipulus,
474 1156 502 1206 et
519 1149 687 1205 Atheniensis
703 1148 826 1224 pontifex
844 1150 967 1217 ecclesia,
986 1162 1073 1207 nonne
1086 1154 1126 1208 A·

97 1257 196 1313 driano
206 1258 328 1331 principi
341 1256 475 1312 Eleutsinoe
491 1270 569 1310 sacra
582 1255 706 1309 invisenti
720 1253 817 1310 librum
826 1273 878 1328 pro
890 1263 983 1311 nostra
997 1253 1126 1330 religione

97 1361 238 1417 tradidit?
258 1361 297 1417 Et
308 1367 390 1416 tanta
400 1360 576 1416 admirationi
589 1357 787 1433 omnibusfuih
798 1365 829 1414 ut
838 1363 1047 1432 persecutionem
1059 1379 1126 1436 gra·

94 1466 233 1521 ausimum
255 1466 330 1521 illius
353 1464 481 1521 mellens
502 1463 608 1519 sedaret
631 1464 773 1536 ingenium.
807 1459 890 1520 Tom.
904 1464 934 1521 ii.
953 1483 981 1541 p.
995 1466 1064 1522 332.
1081 1455 1125 1523 ed.

95 1556 223 1625 Froben

136 1679 150 1708 ⁶
173 1669 209 1727 Iu
225 1671 313 1727 unico
326 1670 488 1746 fragmento
506 1688 574 1726 mox
592 1667 762 1746 proferendo
781 1678 880 1727 auctor
894 1680 937 1726 est
950 1670 1124 1738 Quadratus,

95 1781 213 1830 amatos
232 1773 394 1832 aDomino
412 1785 512 1830 nostro
532 1772 648 1829 Christo
668 1782 697 1828 et
714 1772 750 1829 ad
767 1772 855 1829 vitam
870 1781 1017 1829 revocatos
1037 1789 1125 1847 usque

94 1875 133 1934 ad
145 1885 277 1956 tempora
292 1896 344 1936 sua
357 1878 519 1958 pervenisse
531 1875 707 1954 superstites,
721 1893 781 1933 non
794 1875 897 1933 diserte
910 1875 961 1945 ait,
976 1894 993 1933 a
1006 1892 1036 1933 re
1047 1876 1124 1936 vitos

93 1979 192 2040 fuisse.

433 2201 797 2257 *naz-ea

354 2442 399 2539 S.
444 2439 865 2537 ARISTIDESr

514 2693 720 2732 auu-Q·-

170 2848 209 2922 s.
227 2844 502 2937 uniamus,
521 2837 604 2918 uso.
623 2845 685 2918 ne
706 2832 811 2918 Vsus
829 2823 1049 2936 nunnus,-

445 2995 523 3068 cap.
536 2993 599 3041 xx.
616 2994 697 3068 pag.
712 2966 771 3041 86.

145 3126 350 3198 Ansnnss
377 3125 624 3216 Atheniensis,
646 3125 883 3224 philosophus
905 3110 1125 3220 eloquenti&

104 3243 221 3338 simus,
252 3259 289 3320 et
318 3248 385 3320 sub
413 3247 568 3347 pristino
594 3247 722 3320 habitu
750 3247 947 3346 discipulus
972 3246 1123 3339 Christi,

102 3369 267 3442 uolumen
292 3369 405 3442 nostri
429 3367 608 3469 dogmatis
634 3368 810 3442 rationem
836 3368 1039 3461 continens,
1063 3398 1125 3444 eo-

102 3488 180 3564 dem
197 3502 359 3589 tempore
376 3516 449 3586 quo
465 3502 502 3562 et
527 3490 744 3580 Quadratus,
763 3489 950 3564 Hadriano
965 3493 1124 3594 principi

100 3609 209 3702 dedit,
225 3610 264 3683 id
281 3622 347 3701 est,
365 3609 640 3711 Apologeticum
657 3638 724 3711 pro
741 3612 979 3686 Christianis:
1002 3613 1123 3711 dquod

21 3730 27 3741 ’
99 3759 209 3832 usque
235 3733 343 3807 hodie
372 3745 600 3832 perseterans
630 3735 726 3834 apud
755 3734 957 3837 philologos
984 3739 1123 3841 ingenii
1206 3786 1209 3790 ·

98 3859 171 3955 ejus
190 3858 368 3932 indicium
385 3871 451 3932 est.

135 4024 150 4065 ‘¹
170 4029 277 4087 Euseb.
288 4030 326 4087 iv.
336 4031 366 4088 3.
379 4029 495 4109 Σῶζιτιιι
509 4028 535 4088 di
551 4054 579 4113 pt
595 4033 628 4095 rie
640 4010 704 4107 hipo
718 4027 796 4108 vapsi
808 4037 929 4100 σλιπ-οῖς
942 4032 987 4092 nai
1002 4036 1017 4096 ir
1031 4036 1122 4093 radron

98 4135 195 4217 ugoni.
221 4129 401 4196 Fraurcrds.
435 4136 546 4195 Videris
560 4143 659 4193 uotam
671 4135 747 4193 intra
759 4134 795 4194 ad
807 4155 873 4215 pag.
885 4136 921 4207 77
925 4179 932 4195 .

584 4253 604 4298 F
614 4245 637 4305 4
