2716 4748
323 284 376 357 IN
397 287 668 359 CONCILIUM
687 287 1017 357 LUGDUNENSE.
1122 302 1185 372 407

150 465 189 525 at
212 471 436 542 uenocturaos,
446 461 511 527 dici
521 461 645 528 videtur
657 461 905 549 haudquaquam
919 460 959 525 de
971 457 1187 546 xerophagiis,
1250 460 1253 464 ’

224 546 265 611 de
279 547 478 614 strictissima
493 549 611 638 jejunii
624 549 740 627 forma,
754 547 994 633 superpositione
1007 559 1129 610 vocata.

197 633 233 697 P.
246 647 317 712 391.
332 632 356 697 l.
370 649 418 699 10.
441 643 628 722 ooppsrpoiov
643 639 691 713 τὴν
705 633 806 719 ἡμέραν
822 634 924 718 αὐτῶν]
942 631 1047 717 Miror
1062 643 1112 696 tot
1126 631 1187 696 ho·

150 715 255 783 mines
272 718 426 798 eruditos,
439 722 496 820 qui
509 720 596 784 hunc
612 720 725 785 lrenaei
739 719 847 785 locum
860 719 892 782 in
908 719 972 782 suis
986 717 1075 782 libris
1087 738 1187 803 expo·

150 816 297 882 suerunt,
311 803 381 892 ejus
403 806 516 872 vitrum
539 828 603 870 non
625 804 893 870 animadvertisse.
937 803 1018 892 Quis
1034 804 1119 867 enim
1138 814 1188 867 est

151 908 265 953 sensus
282 889 399 967 horum
414 892 605 957 verbomm?
627 905 684 956 aut
704 891 774 978 quis
796 912 936 977 unquam
959 888 1069 955 credat
1087 888 1187 953 fuisse

150 970 311 1055 homines,
325 976 382 1064 qui
399 976 611 1064 quadraginta
630 977 782 1041 horarum
803 975 906 1061 spatio
928 975 1014 1040 diem
1034 976 1185 1039 metiren-

150 1070 216 1124 tur.
253 1061 356 1147 Atqui
369 1062 581 1149 quadraginta
597 1062 685 1127 horae
705 1062 840 1127 biduum
857 1060 1076 1149 jejunantibus
1091 1060 1188 1125 effici·

149 1157 223 1210 unt.
266 1147 426 1232 Equidem
447 1171 513 1214 non
537 1148 663 1225 dubito,
688 1147 765 1236 quin
787 1149 927 1212 Irenaeus
949 1149 994 1211 ita
1016 1146 1186 1232 scripserit.

150 1235 176 1294 oi
198 1232 227 1294 δὲ
248 1233 463 1321 τεσσαράκοντα
484 1232 555 1320 ὥρας
575 1234 701 1322 ἡμερινίις
720 1261 751 1298 τε
771 1235 818 1296 καὶ
833 1237 985 1320 νυκτερινὰς
999 1239 1187 1319 συμμετροῦσι

90 1329 91 1332 ’
150 1318 201 1394 τὴν
214 1316 329 1393 vas-slav.
357 1320 434 1386 Qua
449 1319 606 1406 scriptura
619 1319 699 1385 nihil
712 1318 838 1406 planius
853 1341 922 1383 esse
936 1330 1055 1405 potest.
1077 1319 1187 1404 Quare

150 1413 210 1465 aut
225 1404 366 1469 Irenaeus
381 1405 514 1471 omniuo
528 1405 574 1470 ita
588 1405 725 1491 scripsit,
740 1417 797 1470 aut
810 1419 896 1469 certe
914 1405 960 1469 ita
979 1404 1116 1469 scribere
1130 1402 1187 1468 de·

150 1485 235 1552 buit.
287 1489 352 1554 Sed
378 1491 557 1578 antiquarii,
582 1492 739 1556 vocabulo
765 1512 804 1555 ex
828 1490 990 1575 superiore
1014 1490 1099 1554 linea
1122 1489 1188 1554 huc

150 1574 307 1639 translato
328 1574 438 1640 locum
462 1591 682 1663 corruperunt.
704 1577 912 1642 Vsuesrus.
955 1574 1076 1655 Nullis,
1100 1573 1189 1661 quod

149 1660 364 1740 meminerim,
379 1683 418 1726 ex
433 1662 557 1728 erudita
576 1663 715 1742 civitate,
729 1675 830 1726 uteun
853 1683 892 1726 ue
911 1661 1034 1727 diversa
1052 1661 1135 1725 iuter
1154 1682 1190 1724 se

149 1745 376 1827 sentientibus,
389 1748 510 1814 Valesii
531 1747 717 1848 conjectura
730 1770 765 1812 se
777 1684 934 1834 probavit.
976 1748 1093 1834 Neque
1113 1767 1189 1811 vero

150 1830 304 1897 omnibus
325 1833 465 1919 placebit
487 1834 599 1898 Grabir
618 1833 789 1920 expositio,
805 1832 861 1919 qui
880 1833 912 1896 iu
930 1833 1029 1898 Notis
1049 1831 1090 1896 ad
1103 1833 1188 1897 Iron.

149 1936 185 2001 p.
202 1923 272 1982 46⁵.
295 1938 371 1982 cum
393 1941 504 1984 vocem
525 1925 574 1996 τῆς
594 1918 696 2005 ἡμέρας
716 1920 750 1983 in
771 1920 876 2005 primo
898 1917 994 2005 hujus
1017 1916 1190 2004 fragmenti

148 2023 244 2068 versu
259 2013 379 2088 ternpus
393 2026 571 2091 perperam,
587 2005 620 2070 ni
634 2004 738 2084 fallor,
754 2005 978 2091 interpretatus
992 2017 1086 2083 esset,
1101 2003 1191 2069 simi·

149 2085 226 2154 liter
240 2089 373 2154 vocibus
385 2095 433 2168 τὴν
447 2090 550 2179 ἡμέραν
564 2094 663 2170 αὐτῶν,
680 2114 752 2178 quae
766 2091 830 2156 hoe
844 2091 918 2155 loco
933 2102 1116 2169 occurrunt,
1130 2111 1190 2176 ge-

150 2173 292 2239 neralem
307 2176 460 2262 temporis
475 2174 624 2241 notitiam
638 2177 795 2241 attribuit.
833 2178 885 2240 Ita
899 2175 986 2240 enim
1001 2178 1142 2240 lrenaeus
1156 2175 1190 2240 in

150 2260 280 2325 tantulo
296 2261 400 2347 spatio
415 2284 512 2326 unam
527 2262 727 2348 eandemque
742 2283 853 2326 vocem
874 2261 906 2325 in
926 2261 1020 2347 plane
1034 2260 1190 2326 diversam

150 2347 343 2411 sententiam
365 2347 535 2433 acciperet,
553 2370 654 2434 quum
675 2361 749 2412 ante
769 2347 803 2411 in
825 2347 875 2412 his
893 2345 1007 2426 verbis,
1022 2352 1047 2410 οἶ
1063 2346 1113 2428 μὲν
1131 2350 1190 2434 γὰρ

150 2428 252 2511 oi'ovrm
269 2431 336 2515 μίαν
358 2432 460 2519 ἡμέραν
476 2433 537 2498 &c
551 2433 623 2497 voci
637 2432 725 2517 ἡμέρα
741 2455 853 2498 sensus
872 2431 942 2532 ejus
961 2433 1098 2496 usitatus
1113 2433 1189 2496 sub·

146 2513 257 2603 jectus
271 2530 367 2582 esset.
412 2521 648 2605 Proptereaque
666 2518 753 2583 idem
768 2518 972 2583 doctissimus
987 2517 1138 2596 Grabius,
1153 2529 1192 2584 ut

150 2616 325 2689 postquam
338 2604 409 2669 baec
421 2605 621 2691 scripseram,
632 2603 705 2682 vidi,
714 2604 777 2670 hoc
789 2604 918 2671 nomine
928 2602 1057 2690 vapulat
1068 2625 1087 2666 a
1097 2603 1190 2668 Mas·

151 2703 247 2753 sueto
262 2689 397 2755 Dissevt.
414 2693 519 2756 Pvaev.
535 2691 570 2755 ii.
590 2690 623 2754 in
640 2692 796 2756 Irenaeam
814 2711 847 2776 p.
863 2701 913 2766 87.
934 2701 1031 2775 atque
1050 2689 1129 2755 item
1148 2688 1190 2754 ab

151 2772 311 2861 Hoopero
324 2776 375 2840 De
390 2775 648 2863 Quadrupesimo,
660 2775 702 2840 ad
716 2798 749 2863 p.
764 2782 831 2841 161.
847 2775 899 2840 ed.
911 2777 996 2840 Nov.
1012 2774 1068 2861 qui
1081 2785 1189 2840 tamen

150 2857 252 2923 iidem
273 2861 330 2924 viri
351 2861 529 2937 clarissimi,
552 2862 658 2927 minus
681 2875 779 2940 recte,
802 2884 877 2926 meo
898 2860 1029 2971 quidem
1049 2859 1190 2948 judicio,

150 2959 266 3009 contra
288 2946 447 3011 Grabium
472 2946 670 3012 distinctioni
696 2960 771 3034 post
792 2971 1005 3031 rsooapaaovra
1030 2969 1049 3010 a
1073 2945 1191 3013 Rufino

151 3030 266 3114 positae
294 3032 544 3116 patrocinantur,
572 3046 611 3098 ut
641 3031 803 3119 jejunium
830 3032 1043 3120 quadraginta
1070 3032 1191 3096 dierum

151 3114 238 3200 apud
259 3119 418 3182 lrenaeum
442 3119 614 3197 inveniant,
628 3119 717 3205 quod
732 3118 863 3206 quidem
884 3132 1011 3203 tempus
1032 3138 1191 3204 nusquam

152 3201 240 3285 apud
259 3203 494 3267 Tertullianum
514 3220 645 3289 apparet
665 3205 790 3268 Irenaeo
813 3204 980 3291 aequalem,
995 3223 1133 3288 eumque
1148 3201 1191 3266 de

147 3286 281 3384 jejuniis
294 3288 327 3352 iu
343 3310 439 3374 opere
449 3289 540 3376 justo
555 3289 774 3354 disserentem.
811 3291 883 3353 Nec
897 3310 994 3375 porro
1008 3309 1028 3351 a
1041 3310 1114 3352 vera
1126 3287 1192 3353 loci

104 3448 108 3458 Ι
152 3374 416 3458 interpretatione
435 3387 493 3438 aut
511 3375 660 3439 Valesius
679 3389 737 3440 aut
757 3373 896 3438 Grabius
918 3372 1082 3438 discedere
1103 3372 1191 3438 vide·

152 3470 218 3536 tur,
239 3457 318 3522 dum
344 3459 385 3523 de
410 3460 649 3545 superpositione
673 3460 770 3524 verba
792 3473 964 3545 exponunt,
987 3447 1059 3546 qua'e
1081 3471 1192 3525 tamen

153 3543 275 3607 nonde
290 3567 354 3608 una
367 3559 506 3625 tantum,
521 3545 577 3610 sed
592 3545 710 3610 deuna
727 3545 911 3632 pluribusve
927 3544 1191 3632 superpositioni-
1215 3589 1220 3598 ·

153 3627 227 3707 bus,
247 3642 346 3715 prout
362 3631 479 3730 cuique
501 3632 660 3696 abstinere
680 3631 846 3718 placuerit,
866 3631 1024 3718 intelligo.
1069 3631 1120 3694 Ita
1141 3642 1192 3711 ut,

152 3734 229 3777 eum
244 3717 527 3801 superpositrones,
542 3718 605 3780 sive
616 3716 752 3817 jejunia,
788 3740 838 3780 uae
852 3717 893 3781 ab
908 3716 989 3781 hora
1000 3715 1095 3780 tertia
1109 3716 1192 3782 vela

152 3819 206 3861 ves
249 3823 284 3864 ra
298 3822 401 3887 usque
416 3802 457 3865 ad
472 3824 567 3866 mane
582 3803 669 3867 tertri
683 3814 756 3888 post
766 3740 834 3867 diei
848 3801 1017 3888 prorogari
1031 3800 1191 3881 solebant,

153 3820 257 3949 verbis
272 3886 393 3950 ultimis
413 3886 464 3951 hic
480 3899 643 3966 notentur,
658 3887 817 3973 significet
830 3900 955 3967 auctor,
993 3887 1119 3952 uosdom
1133 3909 1191 3953 ea*-

152 3969 295 4034 istimore
318 3995 376 4036 aaa
401 3971 451 4036 die
472 3972 531 4036 sibi
552 3995 615 4037 esse
630 3973 851 4058 jey'unoodum,
870 3971 948 4037 ulios
968 3910 1093 4049 duobus,
1111 3970 1193 4036 olias

152 4054 250 4119 etiam
261 4054 416 4141 pluribus,
429 4057 506 4122 olias
519 4057 600 4122 diem
612 4059 872 4156 quojev‘ovvorevrt,
884 4057 1096 4146 quodraginta
1110 4054 1191 4122 doris

153 4139 275 4205 diumis
301 4141 395 4207 simul
420 4154 450 4206 et
477 4154 635 4209 nocturnas
663 4143 778 4208 metiri.
821 4142 1108 4232 Quemadmodum
1137 4141 1192 4207 ille

153 4225 240 4311 apud
260 4226 383 4295 Bedam
401 4228 516 4297 vovisse
530 4228 658 4307 dicitur,
664 4229 749 4380 puio
768 4229 801 4297 in
819 4228 902 4296 omni
918 4233 1094 4317 septimana
1110 4226 1191 4307 diem

626 4335 650 4379 n
696 4328 717 4384 4
