2716 4748
162 293 203 357 aa
330 258 339 391 J
422 277 449 291 ’“
494 279 860 360 morannum·

161 460 187 503 “
198 442 356 547 repug'no,
367 457 443 546 quin
457 458 565 544 potius
579 458 620 524 ab
633 454 771 548 utroque
783 460 916 536 rosnae,
928 470 961 525 et
969 458 1142 547 Apostolo,
1153 469 1191 529 el

72 612 75 618 4
161 544 186 589 “
197 542 332 620 tetriore,
343 543 470 628 Papiam
479 543 663 610 traditiones
677 546 836 633 accepisse
847 543 953 609 credo.
975 547 1090 633 Neque
1097 547 1202 612 enim>

161 631 187 667 “
200 648 240 692 ex
253 648 304 706 eo,
318 627 404 714 quod
427 628 505 694 alios
526 650 637 694 eorum
660 629 821 697 auditores
844 628 884 693 de
903 629 1047 715 pluribus
1067 652 1102 694 se
1115 650 1190 718 per·

160 717 185 753 “
199 726 363 781 comatum
386 714 551 800 profitetur
574 715 695 801 Papias,
716 715 827 801 colligi
848 730 964 800 potest,
985 737 1060 782 eum
1081 717 1198 802 ipsum·

159 802 186 842 “
200 797 287 863 haud
300 820 341 865 ex
352 798 480 870 illorum
502 822 634 871 numero
649 801 745 865 fuisse
760 825 768 864 ε
791 799 895 866 seduli
909 801 1026 888 quippe
1040 800 1191 885 discipuli
1229 862 1235 872 ,

161 888 187 929 “
201 882 307 949 solent
327 884 470 963 cornino,
492 885 547 954 ubi
567 907 623 951 eos
644 885 721 974 quid
743 886 875 974 fugerit,
899 907 936 949 ex
964 886 1190 971 condiscipulis

160 973 187 1013 “
199 966 288 1034 dicta
307 989 481 1063 sensusque
502 971 729 1071 magistrorum
753 970 935 1058 exquiram
952 971 1137 1057 prasertim
1162 970 1191 1036 si

119 1107 123 1119 ,
160 1058 189 1107 5‘
201 1052 281 1119 alios
305 1052 425 1122 diutius
446 1069 480 1122 et
501 1055 685 1120 familiarius
709 1077 784 1120 cum
810 1056 855 1120 eis
875 1071 1075 1121 conversatos
1095 1062 1192 1120 nove·

162 1142 190 1223 *ἒ
202 1137 298 1211 riut.”
334 1139 499 1207 Hactenus
524 1140 569 1205 vir
593 1140 719 1219 doctus,
740 1162 843 1228 neque
866 1162 885 1205 a
906 1141 1035 1205 veritate
1055 1141 1190 1205 fortasse

164 1222 325 1315 aberrans,
349 1241 436 1291 certe
458 1225 611 1325 plurimos
635 1227 695 1291 sibi
717 1225 948 1290 consentientes
973 1226 1105 1302 liabens.
1148 1227 1192 1293 lit

164 1308 246 1389 milri
258 1308 370 1374 eadem
386 1310 495 1399 opinio
508 1311 682 1379 verisimilis
696 1311 826 1389 videtur,
838 1332 911 1375 eum
923 1311 1006 1377 enim
1023 1321 1190 1396 voxaspm·
1207 1308 1209 1315 ’

158 1390 269 1482 &despit
292 1395 325 1459 in
345 1395 519 1495 posteriore
540 1409 635 1483 parte¹
646 1395 742 1484 hujus
762 1397 860 1483 ρήσεως
874 1396 914 1460 de
928 1397 1081 1482 apostolis
1099 1392 1192 1460 adhi-

159 1478 288 1568 ‘beatum
302 1479 414 1566 quidni
436 1480 580 1549 similiter
597 1480 830 1568 interpretanda
846 1491 904 1545 vox
918 1481 1012 1546 fucrit
1028 1482 1059 1545 in
1074 1479 1193 1566 prinei·

163 1564 221 1653 pio
233 1564 314 1650 ejus,
328 1566 384 1632 ubi
398 1571 483 1666 oapi
493 1571 547 1629 τῶν
565 1592 594 1629 ss
611 1564 757 1653 reddrspaa
772 1565 918 1631 didicisse
932 1588 965 1630 se
982 1566 1092 1652 Papias
1106 1565 1192 1630 affir-

158 1651 256 1721 mati
283 1649 339 1716 Ad
353 1649 422 1717 haec
437 1653 493 1718 hb.
509 1651 554 1716 iii.
604 1674 621 1714 e
636 1652 758 1717 Haeras.
780 1672 850 1736 cap.
864 1665 893 1714 3.
921 1653 1065 1715 lrenaeus'
1082 1665 1192 1715 osten-

157 1734 225 1815 ¹dit,
239 1735 457 1821 apostolorum
479 1738 620 1820 ipsorum
644 1736 835 1822 discipulum
857 1736 954 1800 fuisse
970 1737 1192 1824 Polycarpum,

154 1820 258 1907 *cujus
280 1825 384 1908 meipsa
406 1821 439 1886 in
463 1820 527 1886 alio
550 1821 624 1889 loco
649 1841 725 1886 nrox
748 1821 908 1887 afferendo
937 1821 1062 1907 Papiam
1088 1835 1194 1885 vocat.

157 1904 253 2055 guin
274 1918 307 1970 et
328 1918 417 1971 vetus
439 1921 550 1970 auctor
567 1905 653 1993 apud
669 1907 860 1991 prooemium
877 1907 1000 1970 Graecae
1018 1907 1145 1970 Catenae
1160 1905 1194 1969 in

191 1991 304 2073 ..laam
318 2012 338 2055 a
353 1989 509 2055 Corderio
522 1991 617 2057 editae
630 1990 787 2056 adductus
802 1991 909 2069 tradit,
924 1993 1080 2056 ioannem
1095 2012 1193 2055 evan-

190 2073 288 2143 'lium
313 2089 406 2142 suum
433 2075 589 2161 discipulo
607 2099 667 2142 suo
684 2076 787 2164 Παπίᾳ
809 2075 941 2163 Εὑὸιώτῳ
962 2075 1193 2164 rq3⁴lspemaley

157 2096 331 2247 'dictavisse
341 2185 351 2240 ;
375 2182 448 2250 que
462 2161 590 2249 quidem
608 2156 711 2263 Papioe
732 2163 869 2246 masupia
888 2163 929 2226 ab
950 2162 1014 2226 alio
1029 2180 1193 2248 quoquam

154 2244 291 2325 dubito,
317 2267 357 2313 an
380 2264 587 2313 memoretur.
632 2249 688 2313 Sin
710 2247 905 2313 omittendus
929 2263 978 2311 est
1005 2246 1058 2312 hic
1078 2259 1195 2312 auctor

156 2344 316 2418 ‘tanquam
332 2332 437 2398 minus
455 2346 548 2399 notus
562 2336 658 2420 atque
673 2332 830 2398 recentior
844 2334 977 2399 fortasse
991 2333 1092 2411 testis,
1104 2341 1194 2396 certe

159 2414 206 2481 'ad
220 2438 287 2483 rem
301 2418 440 2483 nostram
455 2419 618 2505 appositus
634 2430 683 2490 est
697 2417 890 2504 Apollinaris
906 2417 1115 2495 Laodicenos,
1130 2438 1194 2482 sae-

163 2501 229 2569 culi
242 2503 347 2589 quarti
361 2504 506 2590 scriptor,
520 2504 552 2568 in
566 2504 658 2590 cujus
671 2497 818 2568 manibus
831 2519 985 2569 versatum
1001 2502 1098 2575 fuisse
1108 2524 1130 2567 o
1154 2525 1195 2566 us

153 2587 177 2664 Ji
216 2610 269 2653 um
294 2587 467 2673 Papianum
489 2587 628 2654 videtur,
666 2589 697 2652 Is
719 2600 827 2653 autem
849 2589 881 2651 in
902 2587 1035 2667 scholio,
1051 2610 1096 2674 qu
1154 2606 1195 2652 ex

216 2672 354 2738 eumenii
376 2673 598 2737 Commentario
620 2673 653 2736 in
667 2673 750 2738 Acta
765 2678 876 2772 Apost.
895 2673 1100 2759 desumptum
1116 2692 1195 2738 mox

165 2777 200 2824 te
223 2756 323 2834 uitur,
336 2758 463 2845 Papiam
482 2757 673 2843 discipulum
686 2759 817 2822 Jo'anms
833 2757 961 2844 apostoli
975 2757 1128 2843 appellat.
1158 2762 1164 2770 “
1214 2778 1235 2803 ·

240 2863 331 2905 erum
346 2854 453 2907 tamen
469 2841 529 2909 hac
547 2842 579 2907 in
598 2865 631 2906 re
645 2864 710 2907 non
747 2864 854 2907 ossum
871 2860 933 2906 non
948 2843 1055 2909 locum
1069 2841 1195 2921 afferre,

152 2925 222 3016 'qui
247 2924 334 3015 apud
355 2927 515 3009 'irenaeum
539 2940 627 2993 extat
650 2927 682 2991 in
705 2864 761 2992 lili.
776 2928 815 2992 iv.
839 2950 869 2992 c.
884 2942 934 3003 27.
957 2928 1005 2992 alz-
1019 2949 1048 2993 ca
1062 2942 1112 2992 45.
1134 2929 1194 2992 uhi

156 3011 261 3076 'rerba
284 3012 392 3099 aliqua
415 3013 529 3078 veteris
557 3012 725 3100 cujusdam
776 3013 931 3100 resbyteri
960 3012 1123 3103 anonymi,
1149 3013 1197 3077 i'ta

155 3097 350 3184 efferuntur,
364 3111 402 3163 ut
415 3110 487 3184 post
501 3097 616 3162 lectam
640 3098 743 3184 Papiae
753 3035 843 3164 lianc
858 3099 943 3184 ῥῆσιν,
958 3120 1038 3184 pene
1052 3097 1198 3163 videatur

154 3183 288 3268 Papias,
309 3183 447 3249 maxiano
473 3184 499 3248 si
522 3183 563 3248 ab
590 3182 729 3248 Eusebio
754 3183 900 3250 standum
927 3183 979 3262 sit,
1000 3183 1041 3247 ab
1068 3185 1197 3247 Irenaeo

154 3267 346 3352 significari.
392 3269 652 3356 Quemadmodum
668 3266 784 3346 audini,
797 3268 901 3357 inquit
915 3269 1067 3342 irenaeus,
1083 3288 1195 3355 aqae-

166 3351 239 3417 dam
251 3353 439 3441 presbytero,
453 3355 506 3451 qui
528 3354 667 3419 audierat
684 3352 721 3416 ab
736 3352 794 3429 lais,
810 3354 864 3441 qai
877 3352 1026 3438 apostolos
1040 3353 1204 3432 viderant,

128 3448 131 3453 '
166 3440 198 3505 'et
211 3437 251 3503 ab
272 3435 319 3503 lis
333 3437 388 3527 pai
402 3438 572 3504 didicerant
586 3464 599 3517 ,-
620 3438 653 3502 hi
673 3437 863 3524 posteriores
878 3437 1092 3523 proculdubio
1107 3450 1196 3517 sunt,

166 3528 196 3588 'ai
211 3531 260 3588 rai
281 3522 383 3610 Kopion
406 3525 544 3613 patarei,
566 3522 711 3671 sepositis
732 3523 896 3609 apostolis.
934 3524 1100 3614 Presbyter
1121 3538 1200 3588 vero

154 3608 233 3688 ille,
261 3608 400 3696 ¹uisquis
425 3609 554 3674 tandem
579 3608 632 3673 ile
659 3608 764 3687 fuerit,
789 3607 886 3672 videri
907 3607 1008 3693 possit
1029 3607 1198 3692 apostolos
1225 3676 1229 3683 ,

165 3692 254 3761 hand
297 3706 314 3757 e
338 3707 494 3759 uentasse.
537 3693 602 3758 Sed
622 3706 728 3758 tamen
749 3695 894 3780 profecto
916 3692 957 3756 de
980 3693 1083 3778 Papiae
1099 3692 1200 3758 disci·

93 3833 95 3837 ,
165 3776 282 3866 pnlatu
296 3715 374 3847 nisu
388 3778 466 3843 certi
479 3777 592 3845 ex'hoc
609 3779 720 3842 lrenaei
732 3777 816 3853 loco,
832 3778 888 3864 qui
903 3779 944 3841 Pa
969 3777 1032 3843 iam
1048 3776 1199 3843 nomina·

165 3863 226 3928 tim
241 3862 317 3929 alibi
332 3863 475 3940 adduxit,
490 3876 596 3950 potest
615 3862 723 3941 stetui,
739 3884 922 3967 quanquam
938 3794 1038 3927 gavia
1056 3863 1091 3927 in·
1104 3861 1197 3930 Hira

151 3947 235 4018 ὧδέ.
251 3961 330 4012 tom.
342 3948 363 4013 i.
377 3948 418 4013 ad
433 3971 464 4033 p.
476 3961 527 4028 49.
546 3947 678 4036 aliisque
700 3949 772 4013 viris
795 3945 911 4026 doctis,
930 3947 1104 4012 admodum
1118 3966 1198 4034 pro·

122 4083 123 4087 ,
152 4032 274 4117 ’babile
294 4032 428 4114 videtur,
441 4034 621 4120 fragmenta
644 4033 691 4099 ibi
714 4047 811 4123 atque
831 4033 907 4098 alibi
924 4034 1013 4120 apud
1035 4034 1202 4100 lrenaeum

154 4118 263 4198 ''illata
282 4134 322 4185 ex
346 4119 441 4206 Papia
460 4118 653 4206 deprompta
672 4117 779 4184 luisse.
800 4149 804 4159 ·
822 4117 885 4183 Sed
899 4118 967 4205 ipsa
980 4117 1036 4182 illa
1048 4117 1202 4203 postlsaec

153 4204 279 4280 :effera
320 4205 446 4274 Interes
468 4204 525 4274 'tix-
537 4202 665 4287 deuito,
685 4203 764 4296 qn‘n
787 4202 830 4272 ad
849 4203 912 4272 aas
930 4201 1079 4294 quaedam
1099 4200 1216 4273 ambe·
