2716 4748
262 367 266 373 ,
336 288 389 357 ur
415 282 560 357 ruam
588 282 883 353 masurura.
1077 296 1123 374 tt

97 456 233 539 tlt-litii
245 461 347 538 &tows
426 456 578 536 aridate-m,
593 455 671 535 ξὸνας
686 453 718 521 tf
734 480 809 530 τινας
822 451 991 540 nuptialis
1002 459 1041 519 ‘ri
1054 452 1123 522 is·

95 540 255 637 sistra&
270 484 453 617 diluamur
471 547 567 623 αὐτοῦ,
582 541 631 605 nai
649 566 712 606 trra
728 541 806 606 ἄλλα
879 538 1006 626 sadrapis.
1037 541 1125 604 Idem

94 642 250 719 praeterea
259 629 396 716 scriptor
412 627 548 715 (Papias)
565 627 631 691 olio
644 624 793 691 nonnulla
815 625 910 688 nedoe
928 624 1006 689 voda
1027 625 1125 689 trodi-

99 718 184 782 troas
201 717 244 781 od
256 733 296 780 ‘se
313 715 640 800 promisensium,
656 711 820 776 inusitatos
838 707 952 774 scilicet
974 711 1125 798 quosdam

100 799 447 886 Smemrpcratotar
461 797 678 876 oedoctrinos,
690 795 756 861 olio
825 793 951 895 fabalis
967 811 1024 882 pro
1048 795 1125 859 iore.

99 887 185 952 Oak
200 885 361 951 tamen'ad
376 884 589 950 defensionem
606 884 721 947 horum
736 905 754 947 a
778 903 837 945 eru
850 897 995 967 possunt,
1032 880 1126 949 icam.

99 971 391 1048 Mira-sanetum,
405 992 478 1056 qua
501 968 611 1054 Papias
631 967 748 1054 aliique
769 966 906 1031 seniores
928 964 1044 1043 dixere,
1058 984 1128 1030 sea

98 1056 225 1121 losum
238 1054 401 1141 Apostolo
418 1054 575 1140 accepisse
596 1054 768 1118 Servatoris
790 1051 890 1116 nostri
911 1051 1006 1115 effata
1022 1051 1063 1115 dc
1076 1050 1127 1115 in·

99 1142 223 1206 usitato
244 1139 395 1206 formenti
415 1138 478 1203 vini
502 1160 542 1204 ue
561 1145 714 1225 proventu
729 1137 806 1203 olim
820 1137 941 1213 futuro,
954 1157 1029 1202 curn
1042 1136 1129 1201 scili·

98 1239 155 1291 cet
168 1225 239 1310 ipse
252 1226 392 1290 secunda
406 1160 527 1288 Viceqe
542 1222 627 1288 coelo
649 1225 682 1288 in
702 1234 817 1287 terram
832 1222 1002 1286 advenerit.
1047 1223 1128 1291 Rern

99 1312 110 1376 i
145 1326 148 1331 ·
171 1332 205 1374 nr
219 1311 307 1411 quod
321 1313 446 1387 attinet,
462 1330 573 1373 omnes
586 1309 714 1396 quidem
727 1307 868 1394 primaevi
887 1305 1059 1372 Christiani
1075 1329 1128 1372 or·

99 1408 116 1460 t
140 1395 433 1461 adsuescendum
454 1395 541 1458 dicta
561 1393 791 1480 Apostolorum
814 1408 847 1457 et
871 1393 1027 1479 promissa
1052 1395 1129 1457 Pro-

100 1480 270 1568 phetarum
279 1475 397 1546 'nisum
416 1479 538 1558 solum,
553 1493 586 1543 et
599 1500 709 1542 novom
724 1487 838 1542 terram
852 1491 1082 1576 exspectarunt,
1096 1478 1131 1543 in

102 1564 247 1631 secundo
268 1566 399 1630 Messias
420 1564 556 1628 adventu
577 1565 630 1628 isti
650 1562 876 1628 restituendam
899 1562 1052 1640 felicitati,
1088 1584 1131 1627 ua

101 1666 180 1714 ante
193 1651 315 1737 lapsum
331 1650 450 1715 Adami
463 1649 607 1713 florebat.
642 1650 752 1735 Atque
764 1647 844 1711 hanc
859 1647 1041 1712 felicitatem
1056 1585 1130 1747 pilu·

102 1736 179 1800 rimi
193 1757 256 1800 non
270 1737 302 1800 in
317 1735 533 1823 spiritualibus
547 1735 651 1799 solum
666 1734 768 1812 bonis,
784 1733 840 1797 sed
854 1748 888 1797 et
901 1733 1131 1819 temporahbua

102 1821 543 1907 posuerunt-persuasimus
564 1820 668 1884 solum
690 1831 781 1883 terrae
798 1841 822 1882 a
842 1818 1066 1883 maledictione
1088 1818 1132 1884 ob
1203 1866 1205 1871 -

103 1919 272 1991 peccatum
286 1906 405 1970 Adarni
424 1905 454 1968 ei
474 1905 593 1968 inflicta
609 1905 746 1970 liberum
760 1904 840 1983 fore,
855 1925 891 1968 ac
904 1904 1132 1969 abundantiam

104 1991 212 2055 omnis
226 1991 301 2055 boni
315 1992 382 2057 aine
397 1991 538 2055 humano
553 1989 662 2054 labore
677 1990 888 2075 prolaturum.
909 1991 992 2078 Quae
1005 2004 1038 2054 et
1072 1989 1133 2057 ris-

103 2096 221 2140 corum
233 2077 420 2141 Judaeomm
437 2076 499 2140 fuit
512 2076 679 2154 sententia,
692 2087 730 2139 ut
748 2096 786 2139 ex
804 2074 1020 2140 Rabbinorum
1062 2073 1133 2140 ictis

104 2176 129 2225 a
143 2160 335 2251 Raymundo
349 2161 483 2225 Martini
504 2161 536 2224 in
549 2159 698 2246 Pugione
712 2160 800 2225 Fidei
816 2162 898 2225 Part.
911 2161 973 2224 Ill.
987 2162 1073 2248 Dist.
1088 2160 1133 2225 iii.

105 2260 178 2330 cap.
194 2260 288 2311 15.-'et
307 2245 458 2311 Galatino
474 2244 530 2309 lib.
540 2258 689 2332 recept
714 2245 861 2310 adductis
874 2245 985 2332 liquet.
1004 2246 1133 2334 Quibus

106 2331 311 2397 addo-verba
335 2333 377 2396 u.
391 2330 502 2397 David
524 2330 653 2395 Kimchi
678 2331 710 2396 in
735 2331 829 2396 Oseae
850 2352 921 2418 cap,
940 2333 1001 2396 riv.
1022 2352 1085 2396 ver.
1105 2344 1135 2395 Β.

106 2411 194 2482 irem
216 2431 286 2480 aar
304 2409 410 2488 nusi·
433 2432 491 2482 ru
511 2430 577 2488 ruo
596 2431 656 2481 uu
676 2432 762 2480 auu
784 2432 830 2493 ur
849 2431 901 2481 ur·
923 2430 1069 2480 oroneo
1087 2429 1136 2480 uu

107 2498 192 2579 Suet
204 2498 261 2588 qui
273 2510 428 2586 επροηιιπε
442 2498 503 2565 isto
524 2497 636 2564 volo.-
658 2499 776 2565 Vivent
792 2498 1008 2587 uidem-quod
1015 2499 1139 2586 fotura

107 2582 153 2648 sit
171 2585 303 2649 remotio
313 2595 442 2651 παίωνα
458 2585 490 2650 in
505 2584 618 2662 tritico,
632 2585 753 2672 quondo
767 2597 912 2650 venturus
927 2596 972 2650 ert
985 2586 1135 2671 Redemp-

109 2678 161 2733 tor
173 2669 347 2755 (Messias.)
381 2671 511 2757 Accipit
524 2671 591 2756 ipse
605 2670 686 2736 hanc
700 2671 911 2735 mutationem
926 2671 959 2735 in
973 2692 1048 2736 eum
1063 2692 1142 2735 sen·

108 2774 193 2834 sum,
207 2755 298 2841 quasi
313 2776 376 2819 non
391 2776 519 2820 necesse
532 2769 610 2820 tunc
633 2756 777 2820 futurum
800 2757 852 2836 sit,
867 2776 970 2822 serere
983 2756 1136 2837 triticum,

88 2890 91 2895 .
109 2841 263 2927 quodque
285 2854 402 2927 sponte
426 2842 525 2905 instar
549 2841 621 2905 vitis
643 2841 686 2906 sit
706 2842 912 2922 nasciturum,
934 2843 993 2906 tac.
1026 2843 1137 2943 Atque

109 2923 192 2991 lianc
214 2925 398 3012 opinionem
420 2925 461 2991 de
486 2925 648 2990 fertilitate
667 2931 770 3006 te'rrae,
786 2941 820 2992 et
840 2928 1016 2993 mutatione
1037 2940 1138 2993 totius

111 3022 245 3089 nanuae,
259 3011 372 3096 procul
392 3009 492 3076 dubio
515 3011 625 3097 Papias
647 3012 819 3099 quoquest
833 3012 885 3076 isti
899 3013 1037 3078 seniores
1050 3014 1138 3077 fore·

110 3108 207 3174 mut,-
222 3095 398 3182 quici'tata
422 3097 463 3160 ab
489 3096 613 3160 Irenaeo
636 3097 732 3162 verba
757 3111 908 3184 tanquam
932 3119 951 3162 a
973 3099 1139 3164 Servatore

111 3180 236 3266 prolata
250 3181 385 3265 posteris
398 3180 566 3246 tradidere.
595 3182 758 3330 quicquid
771 3204 845 3246 vero
857 3182 897 3246 de
908 3204 942 3248 re
956 3184 1025 3270 ipsa
1037 3195 1139 3248 statu·

111 3279 195 3344 atur,
208 3265 250 3330 de
271 3280 335 3352 qua
352 3265 510 3354 judicium
529 3266 589 3353 piis
624 3268 769 3355 octisque
782 3267 957 3355 Theologis
972 3262 1138 3355 relinqu03

112 3349 232 3418 modus
254 3363 344 3414 certe
372 3372 443 3415 eam
476 3352 674 3439 proponendi
709 3375 729 3416 a
763 3353 945 3419 charactere
974 3352 1140 3439 dictorum

112 3434 249 3513 Christi,
263 3454 337 3522 quae
351 3436 410 3499 tv.
425 3439 511 3501 Euan
536 3436 636 3502 elistae
650 3437 891 3525 consignarunt,
900 3439 985 3504 adeo
1000 3439 1141 3504 diversus

112 3532 174 3601 est,
187 3534 226 3584 ut
239 3519 289 3584 virt
303 3519 384 3585 mihi
398 3458 588 3607 persuadere
602 3544 728 3610 queam,
743 3522 843 3588 altera
856 3524 912 3588 illa
931 3547 970 3589 ex
990 3545 1048 3589 ore
1069 3525 1143 3590 Ser·

112 3604 230 3670 vaona
254 3606 355 3670 nostri
378 3622 593 3690 promanasse.
623 3608 812 3674 Gnsstos.
855 3609 973 3674 Omnia
987 3609 1063 3675 haec
1084 3631 1142 3696 per

49 3738 52 3747 .
111 3688 300 3776 allegoriam
321 3688 409 3754 dieta
429 3691 538 3772 funes,
553 3708 649 3779 atque
670 3698 835 3780 propterea
851 3693 915 3760 alio
932 3716 1028 3759 sensu
1042 3697 1142 3761 inter·

111 3773 270 3860 protunda
299 3796 379 3854 esse,
403 3798 500 3863 quam
527 3779 621 3853 verba
644 3779 749 3866 primo
771 3781 839 3844 visu
867 3778 1051 3858 ostendunt,
1078 3779 1142 3845 sal·

90 3868 188 3934 rtem,
203 3859 321 3925 seona
343 3863 506 3948 sequentia
530 3863 682 3942 ecclesia,
706 3863 804 3950 idque
826 3878 938 3929 eontra
959 3864 1144 3947 chiliastas,

111 3943 328 4044 proculdupio
352 3947 546 4028 statuissent,
572 3968 675 4036 nsque
699 3949 834 4013 fortasse
855 3971 875 4014 a
899 3966 1007 4015 mente
1029 3950 1144 4051 hujus·

113 4028 205 4093 mods
223 4029 443 4097 vaticiniorum
459 4033 648 4099 aberrantia.
688 4034 743 4101 Ad
765 4034 851 4100 dieta
871 4051 979 4101 autem
998 4035 1145 4100 traditio·

111 4115 346 4216 aesque-quod
367 4117 482 4192 attinet
505 4118 650 4192 senioris
666 4120 770 4191 ,unius
791 4133 888 4211 atque
908 4121 1049 4202 alterim,
1069 4142 1144 4209 quae
