2716 4748
177 300 233 371 m
251 300 387 369 ruer.
405 301 630 369 vrsuusu.
648 290 706 368 sir
717 288 1002 376 'LUGDU'NEN.
1044 323 1107 394 311

96 473 331 549 .P.275.l.15.
351 477 406 536 τῶν
426 471 578 556 σωμάτων]
599 470 809 536 Scribendum
832 471 956 536 videtur
975 473 1106 558 τραυμά-

55 578 134 637 τννν,
148 570 187 622 ut
199 556 282 644 legit
297 557 440 622 Rufinus.
462 559 669 622 Vnuusrus.
977 630 980 637 ¹

80 662 85 669 ·
113 643 148 706 Ρ.
160 649 232 718 276.
249 642 273 707 l.
287 658 315 705 l.
339 642 416 705 ὁπότε
439 643 511 725 οὐδὲ]
534 640 613 704 drorr
633 648 701 728 γοῦν
722 642 780 704 οὐδὲ
804 640 934 704 Grutert'
955 642 1057 706 Lsctt.
1072 655 1106 707 et

65 725 189 815 Margo
202 725 390 812 exemplaris
402 726 572 801 Jonest'aai.
594 727 765 791 Sanora.
808 727 924 799 Statim
939 739 1014 790 ante
1027 752 1106 813 mpsa

62 809 181 958 dm?
190 811 427 961 Ἧένρῗσοᾶἳτο
442 811 520 875 MS.
534 810 674 897 Nmsalo.
693 824 727 874 et
741 810 805 873 hoc
820 810 893 874 loco
907 814 954 888 τὴν
968 823 1043 896 post
1059 813 1106 875 etz

88 916 143 959 ees
171 918 205 959 m
289 944 297 960 .
344 918 362 958 υ
399 943 408 958 .

111 979 197 1045 lbid.
210 981 233 1044 l.
243 992 274 1044 4.
296 979 432 1062 ἀνέκυψε]
456 980 495 1042 ln
515 979 567 1043 ed.
589 981 628 1049 R.
649 979 761 1065 steph.
783 978 953 1055 ἀνεκάλυψε.
991 981 1030 1045 ln
1046 1003 1104 1045 co·

61 1061 138 1128 dice
152 1064 315 1128 Medicaeo
329 1078 364 1128 et
379 1067 470 1128 Mau.
486 1064 569 1128 Fuk.
584 1079 628 1129 et.
644 1066 715 1129 Sav.
728 1077 763 1128 et
775 1064 861 1149 apud
881 1064 1105 1150 Nicephorum

62 1148 187 1233 legitur
204 1149 335 1229 ἀνέκυψε,
348 1171 421 1236 quae
442 1148 657 1233 proculdubio
671 1170 743 1213 vera
757 1149 855 1234 hujus
868 1148 932 1212 loci
948 1150 1107 1237 scriptura

62 1244 141 1297 est.
169 1233 354 1320 Opponitur
367 1234 453 1298 enim
469 1233 589 1310 ἀνέκυψε
602 1234 657 1297 ’καὶ
675 1233 824 1318 ἀνωρθώθη
839 1232 902 1298 illis
917 1257 991 1321 quse
1006 1257 1105 1335 supra

63 1316 190 1382 dixerut
202 1316 245 1381 de
257 1330 330 1382 toto
345 1339 479 1404 corpore
493 1319 603 1382 Sancti
617 1318 743 1382 diaconi
757 1331 926 1382 contracto
941 1333 1039 1404 atque
1051 1343 1104 1384 m·

60 1414 208 1466 curvato.
252 1403 367 1488 ltaque
389 1402 441 1466 hic
460 1401 553 1466 loeus
568 1403 763 1489 superiorem
780 1403 1012 1489 expositionem
1029 1425 1105 1468 nos·

62 1498 150 1551 tram
164 1486 259 1571 plane
270 1487 448 1551 confirmat.
470 1487 679 1551 Vsnssrus.
715 1487 849 1552 Habent
862 1486 982 1564 ἀνέκυψε
998 1489 1102 1554 Leott.

60 1590 198 1659 quoque
214 1572 318 1636 Vener.
332 1584 366 1635 et
383 1569 558 1654 Christopll.
578 1585 613 1635 et
630 1571 695 1634 eod.
711 1571 853 1656 Norfole.
864 1582 970 1658 atque*
984 1573 1104 1660 Margo

59 1653 253 1755 euernplaris
266 1656 314 1720 ed.
332 1655 439 1740 sapt.
456 1654 538 1742 quod
552 1655 586 1719 ia
600 1655 773 1720 Bodleiano
787 1666 888 1721 aetat.
970 1656 975 1665 ’

106 1738 194 1805 llud.
208 1739 232 1805 l.
246 1754 293 1804 ιο.
314 1743 399 1805 δοκῶν
412 1746 426 1803 ἀ
441 1738 581 1824 tarteria]
599 1743 648 1805 Ex
663 1741 741 1805 MS.
757 1739 856 1806 Saoil.
871 1763 929 1807 seu
944 1739 1036 1804 Bedl.
1051 1763 1104 1805 ar·

59 1823 203 1889 ticulum
215 1824 333 1910 recepi.
356 1824 592 1903 καταπεπάωκέναψ
601 1846 666 1924 pro
678 1825 905 1904 καταπεπωκέννη
917 1825 994 1890 MS.
1007 1825 1103 1913 Norf.

112 1908 200 1973 lbid.
232 1911 277 1972 διὰ
301 1909 499 1994 βλασφημίας]
529 1907 844 1994 Chnstophorsonus
870 1910 1104 1996 blasphemiam

59 1991 215 2058 ud'vems
240 1993 407 2058 Christum
431 1993 600 2059 intellexit.
636 1995 823 2061 Videndum
850 2007 958 2059 tamen
982 2007 1042 2074 est,
1063 2017 1104 2060 ne

60 2075 117 2142 hie
139 2100 162 2164 q
228 2099 270 2143 ue
290 2077 492 2165 blasphemia
512 2078 661 2143 adversus
684 2079 876 2165 religionem
900 2076 1104 2144 Christiano-

60 2182 136 2225 rum
157 2163 207 2226 int
252 2163 368 2249 'gatun
407 2163 504 2227 Certe
526 2185 599 2249 quae
621 2176 800 2250 sequuntur
812 2164 910 2228 verba
927 2164 960 2228 id
973 2165 1103 2248 penitus

56 2245 223 2317 evincunt.
254 2247 406 2335 Sequitur
419 2247 505 2310 enim
522 2248 690 2330 ἀναγκάζων
701 2250 783 2310 εἰπεῖν
794 2251 833 2310 τὰ
847 2245 920 2311 ἄθεα
933 2249 1103 2332 moliaris.

60 2329 163 2395 Porro
184 2329 256 2401 hue
279 2332 395 2397 mulier
417 2332 450 2395 in
473 2332 548 2395 MS.
567 2332 659 2396 Maz.
677 2352 716 2394 aa
735 2331 829 2395 Med.
849 2330 963 2408 βνὸλνάς
982 2331 1103 2400 dicitur

58 2434 126 2479 nou
140 2412 245 2494 βὶἀλνς.
267 2416 312 2479 sic
333 2417 432 2480 etiam
452 2429 584 2479 vocatur
604 2415 638 2479 in
659 2415 743 2479 Fuk.
766 2415 900 2480 Rufinus
921 2415 1102 2482 hsne'cum

57 2497 218 2564 Blandiua
231 2498 357 2564 videtur
370 2500 555 2564 confudisse
568 2499 657 2585 gravi
671 2521 788 2564 errore.
807 2501 1017 2565 Vsnssrus.
1052 2503 1102 2567 Ex

57 2583 136 2647 eod.
160 2584 265 2670 Regio
286 2583 403 2663 βάὅλνδα
424 2598 576 2670 posuerat
590 2583 638 2649 ed.
654 2581 761 2669 sape
778 2605 875 2672 quom
912 2585 1022 2650 uidem
1042 2607 1103 2651 no·

59 2667 158 2731 minis
180 2667 370 2752 scripturam
396 2668 516 2748 habent
541 2680 576 2732 et
599 2671 666 2732 Gre
713 2668 779 2732 rius
799 2665 878 2733 Tur.
936 2692 954 2734 e
978 2668 1101 2736 Gloria.

57 2750 207 2815 Marde.
216 2764 267 2830 49.
279 2764 313 2816 et
324 2753 554 2840 Martyrologi.
577 2753 642 2817 Sed
684 2764 786 2827 terem
797 2752 873 2817 leet.
885 2753 1013 2819 limant
1021 2754 1100 2821 MS.

61 2833 170 2921 Staplr.
180 2836 292 2926 Marg.
303 2837 351 2901 ed.
366 2837 480 2924 Genea.
493 2837 676 2925 Codicesque
685 2836 777 2902 Bodl.
787 2859 845 2902 seu
854 2837 953 2916 Sarril,
962 2851 997 2915 et
1005 2838 1100 2987 Μῖ.

58 2920 138 2984 Qun
154 2942 230 2985 vero
248 2922 372 2986 ratione
385 2921 537 2987 inductus
553 2922 685 2987 Rufinus
699 2921 770 2986 haee
784 2922 894 2987 omnio
908 2923 950 2988 sd
965 2923 1049 2989 Blaa
1073 2924 1101 2988 i»

59 3026 135 3069 aem
148 3005 334 3085 detorserit,
347 3007 467 3085 nescio,
483 3007 544 3070 nisi
563 3007 589 3071 si
608 3006 709 3071 hocce
729 3026 849 3071 nomen
863 3007 895 3071 in
910 3008 1025 3073 codiee
1039 3027 1102 3074 suo

58 3110 121 3174 pro
136 3088 283 3154 Billiade
297 3091 450 3176 scriptum
465 3091 629 3161 invenerit.
666 3091 744 3156 Vrd.
760 3108 857 3176 supra
868 3113 902 3176 p.
915 3103 986 3167 307.

99 3174 189 3238 lbid.
203 3174 226 3238 l.
240 3180 289 3238 18.
311 3179 338 3237 ἐν
351 3179 385 3260 τῇ
398 3173 562 3261 fatendam]
578 3175 683 3239 Abest
695 3180 729 3261 τῇ
743 3176 792 3240 ed·
806 3175 912 3260 Steph.
926 3177 1099 3242 S‘l'lto'l'n.

103 3257 290 3324 lbid.l.16.
312 3262 420 3322 ἀπεῖπε
437 3264 493 3334 τοῖς
516 3260 708 3343 βλασφήμοις]
732 3261 771 3323 ln
790 3259 841 3324 ed.
857 3262 896 3323 R.
911 3260 1023 3347 steph.
1042 3264 1099 3335 τοῖς

57 3343 239 3420 βωσωνςκῖς.
278 3343 342 3408 Sed
362 3344 462 3430 longe
485 3344 601 3408 melior
625 3359 675 3409 est
697 3345 795 3409 lectio
818 3365 916 3430 quam
938 3365 975 3409 re
1016 3345 1042 3411 ri
1065 3344 1099 3410 in

56 3426 175 3491 codiee
188 3432 279 3494 Mar.
294 3442 328 3493 et
342 3428 434 3492 Med.
451 3427 534 3492 Fuk.
549 3440 582 3492 et
596 3430 667 3491 Sav.
682 3432 738 3503 τοῖς
750 3429 939 3511 βλασφήμοις.
997 3429 1028 3494 io
1042 3451 1100 3494 vo·

57 3516 175 3611 cenem
195 3534 216 3576 a
238 3512 509 3613 Lugdunensibus
531 3511 689 3591 Gentiles,
700 3513 764 3660 ’ῗαὶ
783 3511 1002 3613 §briennam
1024 3513 1100 3615 reli-

56 3597 804 3749 emelldtlllltnffl‘efferet
841 3618 1101 3749 uillisffi]

57 3764 147 3829 mltti
160 3765 236 3830 fassi
250 3778 352 3831 erant.
373 3769 582 3831 Vsussrus.
626 3765 692 3836 Sed
706 3764 924 3852 delapsarum
947 3766 1100 3855 hujusoe·
1240 3841 1243 3846 ,

56 3848 151 3914 modi
162 3850 376 3929 confessione,
391 3851 481 3930 nihil,
496 3851 585 3938 quod
598 3851 740 3930 credam,
755 3862 869 3915 exstat.
898 3851 1020 3917 Volesii
1031 3853 1098 3917 lee-

45 3933 184 4003 .tionem
204 3935 332 4001 firmant
351 3936 455 4000 lectt.
471 3936 573 4000 Vaut.
589 3936 666 4000 MS.
689 3934 830 4022 Norfole.
849 3956 924 4000 cum
949 3937 1098 4024 Margine
1152 3946 1158 3970 ¹

58 4018 170 4103 Steplt.
183 4018 233 4083 ed.
249 4020 283 4084 in
296 4020 447 4087 Bibliatlt.
462 4019 554 4083 Bodl.
571 4018 896 4107 christophorsoniqoa
910 4021 1013 4085 lectt.

102 4103 188 4168 lbid.
209 4110 276 4179 πῶς
288 4103 322 4170 ἀν
334 4105 440 4169 παιδία
452 4104 579 4190 abyssu]
593 4105 765 4169 Erubescat
778 4127 863 4168 error
878 4115 975 4168 nester
988 4104 1101 4169 Claris-

56 4187 167 4269 tianis,
200 4189 256 4275 qai
284 4212 323 4254 ne
354 4188 539 4254 anirnaliam
570 4189 694 4275 quidem
723 4189 907 4276 sanguinem
936 4189 970 4253 ia
997 4189 1097 4275 apalis

550 4294 573 4338 X
587 4287 607 4338 4
