<?xml version="1.0" encoding="UTF-8"?>
<!DOCTYPE html PUBLIC "-//W3C//DTD XHTML 1.0 Transitional//EN"
    "http://www.w3.org/TR/xhtml1/DTD/xhtml1-transitional.dtd">
<html xmlns="http://www.w3.org/1999/xhtml" xml:lang="en" lang="en">
 <head>
  <title>
</title>
<meta http-equiv="Content-Type" content="text/html;charset=utf-8" />
  <meta name='ocr-system' content='tesseract 3.04.00' />
  <meta name='ocr-capabilities' content='ocr_page ocr_carea ocr_par ocr_line ocrx_word'/>
</head>
<body>
  <div class='ocr_page' id='page_1' title='image "./reliquiaesacrae00routgoog_0430.png"; bbox 0 0 2716 4748; ppageno 0'>
   <div class='ocr_carea' id='block_1_1' title="bbox 327 290 1192 432">
    <p class='ocr_par' dir='ltr' id='par_1_1' title="bbox 327 290 1192 432">
     <span class='ocr_line' id='line_1_1' title="bbox 327 290 1192 432; baseline -0.007 -16"><span class='ocrx_word' id='word_1_1' title='bbox 327 348 379 416; x_wconf 80' lang='lat' dir='ltr'><strong>nr</strong></span> <span class='ocrx_word' id='word_1_2' title='bbox 402 322 672 417; x_wconf 72' lang='lat' dir='ltr'><strong>corcuruli</strong></span> <span class='ocrx_word' id='word_1_3' title='bbox 693 319 1021 412; x_wconf 73' lang='lat' dir='ltr'><strong>tucnuNrrnsr.</strong></span> <span class='ocrx_word' id='word_1_4' title='bbox 1128 290 1192 432; x_wconf 73' lang='grc' dir='ltr'><strong>Ι’999</strong></span> 
     </span>
    </p>
   </div>
   <div class='ocr_carea' id='block_1_2' title="bbox 106 518 1200 3113">
    <p class='ocr_par' dir='ltr' id='par_1_2' title="bbox 149 518 1196 952">
     <span class='ocr_line' id='line_1_2' title="bbox 149 518 1193 608; baseline -0.003 -23"><span class='ocrx_word' id='word_1_5' title='bbox 149 520 285 600; x_wconf 65' lang='lat' dir='ltr'><strong>rexisse,</strong></span> <span class='ocrx_word' id='word_1_6' title='bbox 303 542 361 585; x_wconf 90' lang='lat' dir='ltr'><strong>nec</strong></span> <span class='ocrx_word' id='word_1_7' title='bbox 383 534 477 586; x_wconf 90' lang='lat' dir='ltr'><strong>antea</strong></span> <span class='ocrx_word' id='word_1_8' title='bbox 498 521 621 586; x_wconf 70' lang='lat' dir='ltr'><strong>tritura</strong></span> <span class='ocrx_word' id='word_1_9' title='bbox 642 526 689 598; x_wconf 73' lang='grc' dir='ltr'><strong>τῆς</strong></span> <span class='ocrx_word' id='word_1_10' title='bbox 709 519 814 598; x_wconf 61' lang='lat' dir='ltr'><strong>merlus</strong></span> <span class='ocrx_word' id='word_1_11' title='bbox 834 519 956 584; x_wconf 86' lang='lat' dir='ltr'><strong>iecisse.</strong></span> <span class='ocrx_word' id='word_1_12' title='bbox 985 520 1067 608; x_wconf 73' lang='lat' dir='ltr'><strong>&#39;Qua</strong></span> <span class='ocrx_word' id='word_1_13' title='bbox 1085 518 1193 583; x_wconf 83' lang='lat' dir='ltr'><strong>autem</strong></span> 
     </span>
     <span class='ocr_line' id='line_1_3' title="bbox 154 603 1194 688; baseline -0.004 -16"><span class='ocrx_word' id='word_1_14' title='bbox 154 607 237 672; x_wconf 90' lang='lat' dir='ltr'><strong>hora</strong></span> <span class='ocrx_word' id='word_1_15' title='bbox 247 608 349 672; x_wconf 84' lang='lat' dir='ltr'><strong>noctis</strong></span> <span class='ocrx_word' id='word_1_16' title='bbox 361 607 394 674; x_wconf 87' lang='lat' dir='ltr'><strong>id</strong></span> <span class='ocrx_word' id='word_1_17' title='bbox 406 606 539 688; x_wconf 82' lang='lat' dir='ltr'><strong>facturn,</strong></span> <span class='ocrx_word' id='word_1_18' title='bbox 549 608 680 672; x_wconf 89' lang='lat' dir='ltr'><strong>minime</strong></span> <span class='ocrx_word' id='word_1_19' title='bbox 691 607 774 671; x_wconf 87' lang='lat' dir='ltr'><strong>inter</strong></span> <span class='ocrx_word' id='word_1_20' title='bbox 784 628 817 670; x_wconf 90' lang='lat' dir='ltr'><strong>se</strong></span> <span class='ocrx_word' id='word_1_21' title='bbox 829 606 1070 671; x_wconf 73' lang='lat' dir='ltr'><strong>consentiebant</strong></span> <span class='ocrx_word' id='word_1_22' title='bbox 1080 603 1194 669; x_wconf 82' lang='lat' dir='ltr'><strong>Chris-</strong></span> 
     </span>
     <span class='ocr_line' id='line_1_4' title="bbox 149 691 1195 781; baseline -0.004 -23"><span class='ocrx_word' id='word_1_23' title='bbox 149 694 235 758; x_wconf 69' lang='lat' dir='ltr'><strong>tiani</strong></span> <span class='ocrx_word' id='word_1_24' title='bbox 243 718 252 772; x_wconf 93' lang='lat'>;</span> <span class='ocrx_word' id='word_1_25' title='bbox 268 693 325 757; x_wconf 79' lang='grc' dir='ltr'><strong>εἷέ</strong></span> <span class='ocrx_word' id='word_1_26' title='bbox 339 694 360 781; x_wconf 76' lang='lat' dir='ltr'><strong>‘l</strong></span> <span class='ocrx_word' id='word_1_27' title='bbox 376 692 474 772; x_wconf 66' lang='grc' dir='ltr'>ἄδηλος</span> <span class='ocrx_word' id='word_1_28' title='bbox 487 691 528 773; x_wconf 78' lang='grc' dir='ltr'><strong>ἦν,</strong></span> <span class='ocrx_word' id='word_1_29' title='bbox 542 695 587 758; x_wconf 90' lang='lat' dir='ltr'><strong>ait</strong></span> <span class='ocrx_word' id='word_1_30' title='bbox 603 706 657 758; x_wconf 87' lang='lat' dir='ltr'><strong>aut</strong></span> <span class='ocrx_word' id='word_1_31' title='bbox 668 693 801 781; x_wconf 86' lang='lat' dir='ltr'><strong>Glycas,</strong></span> <span class='ocrx_word' id='word_1_32' title='bbox 811 707 866 756; x_wconf 92' lang='lat' dir='ltr'><strong>aut</strong></span> <span class='ocrx_word' id='word_1_33' title='bbox 879 692 1021 756; x_wconf 78' lang='lat' dir='ltr'>Isidorus</span> <span class='ocrx_word' id='word_1_34' title='bbox 1036 691 1195 755; x_wconf 86' lang='lat' dir='ltr'><strong>Pelusiota</strong></span> 
     </span>
     <span class='ocr_line' id='line_1_5' title="bbox 151 721 1196 869; baseline -0.005 -26"><span class='ocrx_word' id='word_1_35' title='bbox 151 776 242 867; x_wconf 55' lang='lat' dir='ltr'><strong>‘apud</strong></span> <span class='ocrx_word' id='word_1_36' title='bbox 256 721 407 867; x_wconf 52' lang='lat' dir='ltr'><strong>Giircam,</strong></span> <span class='ocrx_word' id='word_1_37' title='bbox 422 787 437 858; x_wconf 83' lang='grc' dir='ltr'>ἡ</span> <span class='ocrx_word' id='word_1_38' title='bbox 454 778 512 869; x_wconf 69' lang='lat' dir='ltr'><strong>dpa</strong></span> <span class='ocrx_word' id='word_1_39' title='bbox 527 787 573 858; x_wconf 74' lang='lat' dir='ltr'><strong>tit</strong></span> <span class='ocrx_word' id='word_1_40' title='bbox 588 779 759 856; x_wconf 74' lang='grc' dir='ltr'><strong><em>ἂναςάσεως,</em></strong></span> <span class='ocrx_word' id='word_1_41' title='bbox 774 781 851 842; x_wconf 70' lang='grc' dir='ltr'><strong>καθὰ</strong></span> <span class='ocrx_word' id='word_1_42' title='bbox 867 780 896 856; x_wconf 78' lang='grc' dir='ltr'><strong>δὴ</strong></span> <span class='ocrx_word' id='word_1_43' title='bbox 916 779 961 840; x_wconf 76' lang='lat' dir='ltr'><strong>nal</strong></span> <span class='ocrx_word' id='word_1_44' title='bbox 977 785 992 855; x_wconf 76' lang='grc' dir='ltr'>ἡ</span> <span class='ocrx_word' id='word_1_45' title='bbox 1007 783 1054 854; x_wconf 78' lang='grc' dir='ltr'><strong>τῆς</strong></span> <span class='ocrx_word' id='word_1_46' title='bbox 1071 776 1196 864; x_wconf 76' lang='grc' dir='ltr'><strong>δευτέρας</strong></span> 
     </span>
     <span class='ocr_line' id='line_1_6' title="bbox 153 860 1186 952; baseline -0.002 -24"><span class='ocrx_word' id='word_1_47' title='bbox 153 868 205 928; x_wconf 67' lang='grc' dir='ltr'><strong>’πα</strong></span> <span class='ocrx_word' id='word_1_48' title='bbox 223 865 317 940; x_wconf 64' lang='lat' dir='ltr'><strong>avolas</strong></span> <span class='ocrx_word' id='word_1_49' title='bbox 330 870 424 930; x_wconf 80' lang='grc' dir='ltr'>αὐτοῦ.</span> <span class='ocrx_word' id='word_1_50' title='bbox 443 860 562 931; x_wconf 81' lang='lat' dir='ltr'><strong>Anaul.</strong></span> <span class='ocrx_word' id='word_1_51' title='bbox 581 867 614 930; x_wconf 90' lang='lat' dir='ltr'><strong>P.</strong></span> <span class='ocrx_word' id='word_1_52' title='bbox 629 864 672 928; x_wconf 93' lang='lat' dir='ltr'><strong>iii.</strong></span> <span class='ocrx_word' id='word_1_53' title='bbox 688 887 721 952; x_wconf 92' lang='lat' dir='ltr'><strong>p.</strong></span> <span class='ocrx_word' id='word_1_54' title='bbox 736 877 804 928; x_wconf 74' lang='lat'><strong>223.</strong></span> <span class='ocrx_word' id='word_1_55' title='bbox 820 864 871 928; x_wconf 92' lang='lat' dir='ltr'><strong>ed.</strong></span> <span class='ocrx_word' id='word_1_56' title='bbox 888 864 1031 928; x_wconf 82' lang='lat' dir='ltr'><strong>Labbaei.</strong></span> <span class='ocrx_word' id='word_1_57' title='bbox 1174 862 1186 883; x_wconf 84' lang='grc'><em>“</em></span> 
     </span>
    </p>

    <p class='ocr_par' dir='ltr' id='par_1_3' title="bbox 106 891 1200 3113">
     <span class='ocr_line' id='line_1_7' title="bbox 201 891 1195 1040; baseline -0.004 -25"><span class='ocrx_word' id='word_1_58' title='bbox 201 891 235 1015; x_wconf 62' lang='lat' dir='ltr'><strong>i.</strong></span> <span class='ocrx_word' id='word_1_59' title='bbox 247 966 316 1032; x_wconf 82' lang='lat'>39¹·</span> <span class='ocrx_word' id='word_1_60' title='bbox 331 951 355 1015; x_wconf 87' lang='lat' dir='ltr'><strong>l.</strong></span> <span class='ocrx_word' id='word_1_61' title='bbox 367 965 397 1028; x_wconf 88' lang='lat'><strong>7.</strong></span> <span class='ocrx_word' id='word_1_62' title='bbox 420 959 444 1015; x_wconf 86' lang='lat' dir='ltr'><strong>oi</strong></span> <span class='ocrx_word' id='word_1_63' title='bbox 462 954 513 1035; x_wconf 82' lang='grc' dir='ltr'><strong>μὲν</strong></span> <span class='ocrx_word' id='word_1_64' title='bbox 532 956 592 1040; x_wconf 66' lang='grc' dir='ltr'><strong>γὰρ</strong></span> <span class='ocrx_word' id='word_1_65' title='bbox 613 949 710 1032; x_wconf 68' lang='lat' dir='ltr'><strong>olorroq</strong></span> <span class='ocrx_word' id='word_1_66' title='bbox 730 951 797 1033; x_wconf 73' lang='lat' dir='ltr'><strong>plau</strong></span> <span class='ocrx_word' id='word_1_67' title='bbox 816 949 918 1035; x_wconf 76' lang='grc' dir='ltr'>ἡμέραν</span> <span class='ocrx_word' id='word_1_68' title='bbox 935 950 1008 1034; x_wconf 85' lang='lat' dir='ltr'><strong>&amp;c.]</strong></span> <span class='ocrx_word' id='word_1_69' title='bbox 1028 949 1111 1013; x_wconf 84' lang='lat' dir='ltr'><strong>Haec</strong></span> <span class='ocrx_word' id='word_1_70' title='bbox 1127 948 1195 1012; x_wconf 85' lang='lat' dir='ltr'><strong>Ire-</strong></span> 
     </span>
     <span class='ocr_line' id='line_1_8' title="bbox 147 1032 1194 1124; baseline -0.004 -22"><span class='ocrx_word' id='word_1_71' title='bbox 147 1032 219 1123; x_wconf 69' lang='lat' dir='ltr'><strong>htei</strong></span> <span class='ocrx_word' id='word_1_72' title='bbox 239 1039 335 1123; x_wconf 69' lang='lat' dir='ltr'><strong>rerba</strong></span> <span class='ocrx_word' id='word_1_73' title='bbox 354 1036 478 1102; x_wconf 80' lang='lat' dir='ltr'><strong>varica</strong></span> <span class='ocrx_word' id='word_1_74' title='bbox 499 1038 591 1103; x_wconf 85' lang='lat' dir='ltr'><strong>variis</strong></span> <span class='ocrx_word' id='word_1_75' title='bbox 615 1038 747 1124; x_wconf 76' lang='lat' dir='ltr'><strong>‘accepta</strong></span> <span class='ocrx_word' id='word_1_76' title='bbox 762 1050 848 1116; x_wconf 92' lang='lat' dir='ltr'><strong>sunt,</strong></span> <span class='ocrx_word' id='word_1_77' title='bbox 865 1037 944 1100; x_wconf 92' lang='lat' dir='ltr'><strong>dum</strong></span> <span class='ocrx_word' id='word_1_78' title='bbox 959 1055 1091 1121; x_wconf 83' lang='lat' dir='ltr'><strong>proauo</strong></span> <span class='ocrx_word' id='word_1_79' title='bbox 1130 1035 1194 1099; x_wconf 90' lang='lat' dir='ltr'><strong>uis·</strong></span> 
     </span>
     <span class='ocr_line' id='line_1_9' title="bbox 152 1057 1194 1211; baseline -0.005 -23"><span class='ocrx_word' id='word_1_80' title='bbox 152 1119 344 1211; x_wconf 74' lang='lat' dir='ltr'><strong>que&#39;studio</strong></span> <span class='ocrx_word' id='word_1_81' title='bbox 360 1124 519 1188; x_wconf 86' lang='lat' dir='ltr'><strong>Irenaeum</strong></span> <span class='ocrx_word' id='word_1_82' title='bbox 534 1125 574 1188; x_wconf 89' lang='lat' dir='ltr'><strong>ad</strong></span> <span class='ocrx_word' id='word_1_83' title='bbox 590 1145 662 1187; x_wconf 89' lang='lat' dir='ltr'><strong>suas</strong></span> <span class='ocrx_word' id='word_1_84' title='bbox 678 1137 781 1209; x_wconf 88' lang='lat' dir='ltr'><strong>partes</strong></span> <span class='ocrx_word' id='word_1_85' title='bbox 797 1123 922 1187; x_wconf 85' lang='lat' dir='ltr'>trahere</span> <span class='ocrx_word' id='word_1_86' title='bbox 937 1135 1082 1186; x_wconf 89' lang='lat' dir='ltr'><strong>conatur.</strong></span> <span class='ocrx_word' id='word_1_87' title='bbox 1106 1057 1194 1184; x_wconf 76' lang='lat' dir='ltr'><strong>del·</strong></span> 
     </span>
     <span class='ocr_line' id='line_1_10' title="bbox 151 1205 1193 1299; baseline -0.003 -26"><span class='ocrx_word' id='word_1_88' title='bbox 151 1208 310 1275; x_wconf 87' lang='lat' dir='ltr'><strong>larminus</strong></span> <span class='ocrx_word' id='word_1_89' title='bbox 326 1210 456 1297; x_wconf 84' lang='lat' dir='ltr'><strong>quidem</strong></span> <span class='ocrx_word' id='word_1_90' title='bbox 473 1209 513 1274; x_wconf 90' lang='lat' dir='ltr'><strong>de</strong></span> <span class='ocrx_word' id='word_1_91' title='bbox 528 1210 774 1299; x_wconf 82' lang='lat' dir='ltr'><strong>quadragesima</strong></span> <span class='ocrx_word' id='word_1_92' title='bbox 787 1209 896 1273; x_wconf 92' lang='lat' dir='ltr'><strong>locum</strong></span> <span class='ocrx_word' id='word_1_93' title='bbox 918 1207 1003 1272; x_wconf 92' lang='lat' dir='ltr'><strong>hunc</strong></span> <span class='ocrx_word' id='word_1_94' title='bbox 1024 1205 1193 1286; x_wconf 85' lang='lat' dir='ltr'><strong>intellexit,</strong></span> 
     </span>
     <span class='ocr_line' id='line_1_11' title="bbox 148 1291 1194 1383; baseline -0.002 -25"><span class='ocrx_word' id='word_1_95' title='bbox 148 1292 189 1358; x_wconf 76' lang='lat' dir='ltr'><strong>‘td</strong></span> <span class='ocrx_word' id='word_1_96' title='bbox 205 1308 257 1375; x_wconf 87' lang='lat' dir='ltr'><strong>est</strong></span> <span class='ocrx_word' id='word_1_97' title='bbox 269 1295 313 1378; x_wconf 84' lang='lat' dir='ltr'><strong>de</strong></span> <span class='ocrx_word' id='word_1_98' title='bbox 324 1295 536 1383; x_wconf 84' lang='lat' dir='ltr'><strong>quadraginta</strong></span> <span class='ocrx_word' id='word_1_99' title='bbox 551 1296 673 1360; x_wconf 90' lang='lat' dir='ltr'><strong>dierum</strong></span> <span class='ocrx_word' id='word_1_100' title='bbox 684 1294 810 1382; x_wconf 89' lang='lat' dir='ltr'><strong>jejunio</strong></span> <span class='ocrx_word' id='word_1_101' title='bbox 825 1308 899 1359; x_wconf 87' lang='lat' dir='ltr'><strong>ante</strong></span> <span class='ocrx_word' id='word_1_102' title='bbox 913 1292 1041 1382; x_wconf 86' lang='lat' dir='ltr'><strong>pascha.</strong></span> <span class='ocrx_word' id='word_1_103' title='bbox 1080 1291 1194 1381; x_wconf 77' lang='lat' dir='ltr'><strong>ltaque</strong></span> 
     </span>
     <span class='ocr_line' id='line_1_12' title="bbox 150 1374 1194 1472; baseline -0.002 -28"><span class='ocrx_word' id='word_1_104' title='bbox 150 1388 233 1445; x_wconf 81' lang='lat' dir='ltr'><strong>cum</strong></span> <span class='ocrx_word' id='word_1_105' title='bbox 257 1383 397 1446; x_wconf 87' lang='lat' dir='ltr'><strong>Irenaeus</strong></span> <span class='ocrx_word' id='word_1_106' title='bbox 420 1380 530 1447; x_wconf 87' lang='lat' dir='ltr'><strong>scribit</strong></span> <span class='ocrx_word' id='word_1_107' title='bbox 554 1381 711 1469; x_wconf 89' lang='lat' dir='ltr'><strong>quosdam</strong></span> <span class='ocrx_word' id='word_1_108' title='bbox 734 1403 836 1445; x_wconf 91' lang='lat' dir='ltr'><strong>unum</strong></span> <span class='ocrx_word' id='word_1_109' title='bbox 860 1379 945 1445; x_wconf 90' lang='lat' dir='ltr'><strong>diem</strong></span> <span class='ocrx_word' id='word_1_110' title='bbox 962 1379 1138 1472; x_wconf 77' lang='lat' dir='ltr'><strong>jejunasse,</strong></span> <span class='ocrx_word' id='word_1_111' title='bbox 1160 1374 1194 1443; x_wconf 86' lang='lat' dir='ltr'><strong>id</strong></span> 
     </span>
     <span class='ocr_line' id='line_1_13' title="bbox 150 1461 1193 1554; baseline -0.003 -23"><span class='ocrx_word' id='word_1_112' title='bbox 150 1461 371 1532; x_wconf 83' lang='lat' dir='ltr'><strong>&#39;Bellarminus</strong></span> <span class='ocrx_word' id='word_1_113' title='bbox 384 1468 436 1532; x_wconf 89' lang='lat' dir='ltr'><strong>ita</strong></span> <span class='ocrx_word' id='word_1_114' title='bbox 456 1468 618 1554; x_wconf 85' lang='lat' dir='ltr'><strong>intelligit,</strong></span> <span class='ocrx_word' id='word_1_115' title='bbox 631 1481 668 1532; x_wconf 90' lang='lat' dir='ltr'><strong>ut</strong></span> <span class='ocrx_word' id='word_1_116' title='bbox 687 1467 773 1532; x_wconf 91' lang='lat' dir='ltr'><strong>diem</strong></span> <span class='ocrx_word' id='word_1_117' title='bbox 796 1489 908 1543; x_wconf 91' lang='lat' dir='ltr'><strong>unum,</strong></span> <span class='ocrx_word' id='word_1_118' title='bbox 918 1467 1009 1530; x_wconf 75' lang='lat' dir='ltr'><strong>‘verbi</strong></span> <span class='ocrx_word' id='word_1_119' title='bbox 1022 1465 1128 1553; x_wconf 72' lang='lat' dir='ltr'><strong>gratia</strong></span> <span class='ocrx_word' id='word_1_120' title='bbox 1143 1476 1193 1528; x_wconf 83' lang='lat' dir='ltr'><strong>se·-</strong></span> 
     </span>
     <span class='ocr_line' id='line_1_14' title="bbox 150 1548 1194 1641; baseline -0.003 -24"><span class='ocrx_word' id='word_1_121' title='bbox 150 1551 295 1640; x_wconf 62' lang='lat' dir='ltr'><strong>eandam</strong></span> <span class='ocrx_word' id='word_1_122' title='bbox 310 1548 434 1634; x_wconf 83' lang='lat' dir='ltr'><strong>feriam,</strong></span> <span class='ocrx_word' id='word_1_123' title='bbox 450 1553 570 1641; x_wconf 83' lang='lat' dir='ltr'>absque</span> <span class='ocrx_word' id='word_1_124' title='bbox 591 1554 659 1639; x_wconf 90' lang='lat' dir='ltr'><strong>ullo</strong></span> <span class='ocrx_word' id='word_1_125' title='bbox 682 1550 894 1639; x_wconf 78' lang='lat' dir='ltr'><strong>transegerint</strong></span> <span class='ocrx_word' id='word_1_126' title='bbox 915 1553 999 1630; x_wconf 88' lang='lat' dir='ltr'><strong>cibo,</strong></span> <span class='ocrx_word' id='word_1_127' title='bbox 1019 1573 1056 1617; x_wconf 89' lang='lat' dir='ltr'><strong>ac</strong></span> <span class='ocrx_word' id='word_1_128' title='bbox 1077 1549 1194 1615; x_wconf 91' lang='lat' dir='ltr'><strong>deind&#39;e</strong></span> 
     </span>
     <span class='ocr_line' id='line_1_15' title="bbox 148 1632 1196 1743; baseline -0.001 -41"><span class='ocrx_word' id='word_1_129' title='bbox 148 1632 285 1705; x_wconf 73' lang='lat' dir='ltr'><strong>&#39;modica</strong></span> <span class='ocrx_word' id='word_1_130' title='bbox 298 1638 471 1704; x_wconf 84' lang='lat' dir='ltr'><strong>reiectione</strong></span> <span class='ocrx_word' id='word_1_131' title='bbox 488 1659 604 1743; x_wconf 88' lang='lat' dir='ltr'><strong>corpus</strong></span> <span class='ocrx_word' id='word_1_132' title='bbox 618 1640 804 1721; x_wconf 68' lang='lat' dir='ltr'><strong>curaverint,</strong></span> <span class='ocrx_word' id='word_1_133' title='bbox 834 1639 922 1702; x_wconf 91' lang='lat' dir='ltr'><strong>Idem</strong></span> <span class='ocrx_word' id='word_1_134' title='bbox 938 1638 1088 1725; x_wconf 86' lang='lat' dir='ltr'><strong>deinceps</strong></span> <span class='ocrx_word' id='word_1_135' title='bbox 1101 1636 1196 1702; x_wconf 79' lang='lat' dir='ltr'><strong>tertia</strong></span> 
     </span>
     <span class='ocr_line' id='line_1_16' title="bbox 149 1722 1194 1812; baseline -0.001 -24"><span class='ocrx_word' id='word_1_136' title='bbox 149 1722 246 1805; x_wconf 73' lang='lat' dir='ltr'><strong>teria,</strong></span> <span class='ocrx_word' id='word_1_137' title='bbox 261 1725 345 1790; x_wconf 88' lang='lat' dir='ltr'><strong>idem</strong></span> <span class='ocrx_word' id='word_1_138' title='bbox 368 1740 491 1812; x_wconf 91' lang='lat' dir='ltr'><strong>quarta,</strong></span> <span class='ocrx_word' id='word_1_139' title='bbox 529 1739 620 1790; x_wconf 88' lang='lat' dir='ltr'><strong>umta</strong></span> <span class='ocrx_word' id='word_1_140' title='bbox 638 1736 671 1789; x_wconf 91' lang='lat' dir='ltr'><strong>et</strong></span> <span class='ocrx_word' id='word_1_141' title='bbox 694 1722 783 1789; x_wconf 71' lang='lat' dir='ltr'><strong>sexta</strong></span> <span class='ocrx_word' id='word_1_142' title='bbox 801 1725 944 1811; x_wconf 81' lang='lat' dir='ltr'><strong>fecerint,</strong></span> <span class='ocrx_word' id='word_1_143' title='bbox 965 1722 1067 1788; x_wconf 90' lang='lat' dir='ltr'><strong>donec</strong></span> <span class='ocrx_word' id='word_1_144' title='bbox 1090 1734 1194 1788; x_wconf 85' lang='lat' dir='ltr'><strong>totam</strong></span> 
     </span>
     <span class='ocr_line' id='line_1_17' title="bbox 156 1748 1197 1901; baseline -0.004 -24"><span class='ocrx_word' id='word_1_145' title='bbox 156 1810 436 1901; x_wconf 77' lang='lat' dir='ltr'><strong>quadragesimam</strong></span> <span class='ocrx_word' id='word_1_146' title='bbox 457 1748 647 1897; x_wconf 72' lang='lat' dir='ltr'><strong>explessent.</strong></span> <span class='ocrx_word' id='word_1_147' title='bbox 690 1812 811 1876; x_wconf 89' lang='lat' dir='ltr'><strong>Verum</strong></span> <span class='ocrx_word' id='word_1_148' title='bbox 833 1812 903 1875; x_wconf 88' lang='lat' dir='ltr'><strong>haec</strong></span> <span class='ocrx_word' id='word_1_149' title='bbox 924 1810 1105 1897; x_wconf 88' lang='lat' dir='ltr'><strong>explicatio,</strong></span> <span class='ocrx_word' id='word_1_150' title='bbox 1123 1818 1156 1874; x_wconf 83' lang='lat' dir='ltr'><strong>&#39;et</strong></span> <span class='ocrx_word' id='word_1_151' title='bbox 1177 1808 1197 1873; x_wconf 81' lang='lat' dir='ltr'><strong>&#39;a</strong></span> 
     </span>
     <span class='ocr_line' id='line_1_18' title="bbox 153 1892 1196 1964; baseline 0 -4"><span class='ocrx_word' id='word_1_152' title='bbox 153 1896 260 1961; x_wconf 84' lang='lat' dir='ltr'><strong>verbis</strong></span> <span class='ocrx_word' id='word_1_153' title='bbox 274 1911 308 1961; x_wconf 90' lang='lat' dir='ltr'><strong>et</strong></span> <span class='ocrx_word' id='word_1_154' title='bbox 322 1908 450 1964; x_wconf 81' lang='lat' dir='ltr'><strong>a&#39;sensu</strong></span> <span class='ocrx_word' id='word_1_155' title='bbox 460 1898 574 1963; x_wconf 86' lang='lat' dir='ltr'><strong>Irenaei</strong></span> <span class='ocrx_word' id='word_1_156' title='bbox 610 1896 714 1961; x_wconf 88' lang='lat' dir='ltr'><strong>enitus</strong></span> <span class='ocrx_word' id='word_1_157' title='bbox 729 1896 892 1963; x_wconf 88' lang='lat' dir='ltr'><strong>abhorret.</strong></span> <span class='ocrx_word' id='word_1_158' title='bbox 932 1895 1117 1960; x_wconf 92' lang='lat' dir='ltr'><strong>Nonnullos</strong></span> <span class='ocrx_word' id='word_1_159' title='bbox 1132 1892 1196 1960; x_wconf 88' lang='lat' dir='ltr'><strong>vidi</strong></span> 
     </span>
     <span class='ocr_line' id='line_1_19' title="bbox 156 1920 1195 2073; baseline -0.001 -27"><span class='ocrx_word' id='word_1_160' title='bbox 156 1982 214 2071; x_wconf 91' lang='lat' dir='ltr'><strong>qui</strong></span> <span class='ocrx_word' id='word_1_161' title='bbox 230 1981 317 2047; x_wconf 81' lang='lat' dir='ltr'><strong>h&#39;unc</strong></span> <span class='ocrx_word' id='word_1_162' title='bbox 332 1984 445 2048; x_wconf 80' lang='lat' dir='ltr'><strong>Ilenaei</strong></span> <span class='ocrx_word' id='word_1_163' title='bbox 460 1982 569 2048; x_wconf 88' lang='lat' dir='ltr'><strong>locum</strong></span> <span class='ocrx_word' id='word_1_164' title='bbox 584 1920 624 2048; x_wconf 80' lang='lat' dir='ltr'><strong>de</strong></span> <span class='ocrx_word' id='word_1_165' title='bbox 637 1982 850 2073; x_wconf 78' lang='lat' dir='ltr'><strong>quadraginta</strong></span> <span class='ocrx_word' id='word_1_166' title='bbox 864 1982 993 2070; x_wconf 90' lang='lat' dir='ltr'><strong>quidem</strong></span> <span class='ocrx_word' id='word_1_167' title='bbox 1008 1981 1132 2046; x_wconf 81' lang='lat' dir='ltr'><strong>dierum</strong></span> <span class='ocrx_word' id='word_1_168' title='bbox 1141 1980 1195 2045; x_wconf 85' lang='lat' dir='ltr'><strong>¹&#39;e-</strong></span> 
     </span>
     <span class='ocr_line' id='line_1_20' title="bbox 151 2005 1197 2157; baseline -0.001 -24"><span class='ocrx_word' id='word_1_169' title='bbox 151 2066 249 2156; x_wconf 74' lang='lat' dir='ltr'><strong>junio</strong></span> <span class='ocrx_word' id='word_1_170' title='bbox 268 2069 458 2154; x_wconf 79' lang='lat' dir='ltr'><strong>acciperent,</strong></span> <span class='ocrx_word' id='word_1_171' title='bbox 472 2070 530 2134; x_wconf 85' lang='lat' dir='ltr'><strong>sed</strong></span> <span class='ocrx_word' id='word_1_172' title='bbox 552 2070 596 2134; x_wconf 89' lang='lat' dir='ltr'><strong>ita</strong></span> <span class='ocrx_word' id='word_1_173' title='bbox 616 2069 822 2155; x_wconf 80' lang='lat' dir='ltr'><strong>explicarent,</strong></span> <span class='ocrx_word' id='word_1_174' title='bbox 836 2082 874 2133; x_wconf 86' lang='lat' dir='ltr'><strong>ut</strong></span> <span class='ocrx_word' id='word_1_175' title='bbox 894 2068 1025 2157; x_wconf 90' lang='lat' dir='ltr'><strong>quidam</strong></span> <span class='ocrx_word' id='word_1_176' title='bbox 1046 2075 1112 2157; x_wconf 86' lang='lat' dir='ltr'><strong>uno</strong></span> <span class='ocrx_word' id='word_1_177' title='bbox 1133 2005 1197 2148; x_wconf 84' lang='lat' dir='ltr'><strong>die,</strong></span> 
     </span>
     <span class='ocr_line' id='line_1_21' title="bbox 151 2152 1197 2254; baseline -0.001 -36"><span class='ocrx_word' id='word_1_178' title='bbox 151 2152 289 2242; x_wconf 78' lang='lat' dir='ltr'><strong>‘quidam</strong></span> <span class='ocrx_word' id='word_1_179' title='bbox 311 2155 412 2220; x_wconf 92' lang='lat' dir='ltr'><strong>biduo</strong></span> <span class='ocrx_word' id='word_1_180' title='bbox 432 2171 489 2220; x_wconf 87' lang='lat' dir='ltr'><strong>aut</strong></span> <span class='ocrx_word' id='word_1_181' title='bbox 510 2155 617 2221; x_wconf 88' lang='lat' dir='ltr'><strong>triduo</strong></span> <span class='ocrx_word' id='word_1_182' title='bbox 635 2155 819 2243; x_wconf 85' lang='lat' dir='ltr'><strong>jejunarent</strong></span> <span class='ocrx_word' id='word_1_183' title='bbox 832 2177 890 2247; x_wconf 91' lang='lat' dir='ltr'><strong>per</strong></span> <span class='ocrx_word' id='word_1_184' title='bbox 904 2154 1045 2254; x_wconf 76' lang='lat' dir='ltr'><strong>singulas</strong></span> <span class='ocrx_word' id='word_1_185' title='bbox 1060 2153 1197 2242; x_wconf 91' lang='lat' dir='ltr'><strong>quadra·</strong></span> 
     </span>
     <span class='ocr_line' id='line_1_22' title="bbox 150 2238 1198 2330; baseline 0 -26"><span class='ocrx_word' id='word_1_186' title='bbox 150 2239 294 2330; x_wconf 67' lang='lat' dir='ltr'><strong>fgesimae</strong></span> <span class='ocrx_word' id='word_1_187' title='bbox 310 2240 540 2305; x_wconf 87' lang='lat' dir='ltr'><strong>hebdomadas.</strong></span> <span class='ocrx_word' id='word_1_188' title='bbox 585 2243 669 2328; x_wconf 69' lang='lat' dir='ltr'><strong>Quae</strong></span> <span class='ocrx_word' id='word_1_189' title='bbox 705 2240 814 2325; x_wconf 87' lang='lat' dir='ltr'><strong>uidem</strong></span> <span class='ocrx_word' id='word_1_190' title='bbox 838 2241 995 2327; x_wconf 87' lang='lat' dir='ltr'><strong>expositro</strong></span> <span class='ocrx_word' id='word_1_191' title='bbox 1014 2238 1120 2325; x_wconf 86' lang='lat' dir='ltr'><strong>priore</strong></span> <span class='ocrx_word' id='word_1_192' title='bbox 1142 2238 1198 2304; x_wconf 78' lang='lat' dir='ltr'><strong>illa</strong></span> 
     </span>
     <span class='ocr_line' id='line_1_23' title="bbox 158 2263 1198 2414; baseline -0.002 -24"><span class='ocrx_word' id='word_1_193' title='bbox 158 2325 265 2390; x_wconf 88' lang='lat' dir='ltr'><strong>multo</strong></span> <span class='ocrx_word' id='word_1_194' title='bbox 283 2324 407 2391; x_wconf 89' lang='lat' dir='ltr'><strong>videtur</strong></span> <span class='ocrx_word' id='word_1_195' title='bbox 425 2326 633 2414; x_wconf 87' lang='lat' dir='ltr'><strong>probabilior.</strong></span> <span class='ocrx_word' id='word_1_196' title='bbox 670 2263 737 2389; x_wconf 70' lang='lat' dir='ltr'><strong>dlii</strong></span> <span class='ocrx_word' id='word_1_197' title='bbox 756 2327 839 2390; x_wconf 84' lang='lat' dir='ltr'><strong>irlter</strong></span> <span class='ocrx_word' id='word_1_198' title='bbox 858 2348 940 2413; x_wconf 89' lang='lat' dir='ltr'><strong>quos</strong></span> <span class='ocrx_word' id='word_1_199' title='bbox 955 2337 1004 2390; x_wconf 83' lang='lat' dir='ltr'><strong>est</strong></span> <span class='ocrx_word' id='word_1_200' title='bbox 1019 2322 1198 2389; x_wconf 81' lang='lat' dir='ltr'><strong>Cardinalls</strong></span> 
     </span>
     <span class='ocr_line' id='line_1_24' title="bbox 150 2409 1198 2499; baseline -0.002 -24"><span class='ocrx_word' id='word_1_201' title='bbox 150 2412 342 2493; x_wconf 88' lang='lat' dir='ltr'><strong>&#39;Perronius,</strong></span> <span class='ocrx_word' id='word_1_202' title='bbox 357 2414 470 2477; x_wconf 84' lang='lat' dir='ltr'><strong>irenaei</strong></span> <span class='ocrx_word' id='word_1_203' title='bbox 483 2412 592 2478; x_wconf 93' lang='lat' dir='ltr'><strong>locum</strong></span> <span class='ocrx_word' id='word_1_204' title='bbox 607 2411 779 2499; x_wconf 88' lang='lat' dir='ltr'><strong>accipiunt,</strong></span> <span class='ocrx_word' id='word_1_205' title='bbox 794 2433 858 2476; x_wconf 93' lang='lat' dir='ltr'><strong>non</strong></span> <span class='ocrx_word' id='word_1_206' title='bbox 879 2412 919 2476; x_wconf 89' lang='lat' dir='ltr'><strong>de</strong></span> <span class='ocrx_word' id='word_1_207' title='bbox 934 2425 1005 2476; x_wconf 88' lang='lat' dir='ltr'><strong>tota</strong></span> <span class='ocrx_word' id='word_1_208' title='bbox 1018 2409 1198 2499; x_wconf 83' lang='lat' dir='ltr'><strong>quadrage·</strong></span> 
     </span>
     <span class='ocr_line' id='line_1_25' title="bbox 153 2495 1199 2587; baseline -0.002 -25"><span class='ocrx_word' id='word_1_209' title='bbox 153 2498 251 2583; x_wconf 80' lang='lat' dir='ltr'><strong>sima,</strong></span> <span class='ocrx_word' id='word_1_210' title='bbox 266 2498 325 2563; x_wconf 89' lang='lat' dir='ltr'><strong>sed</strong></span> <span class='ocrx_word' id='word_1_211' title='bbox 343 2498 383 2562; x_wconf 90' lang='lat' dir='ltr'><strong>de</strong></span> <span class='ocrx_word' id='word_1_212' title='bbox 405 2498 608 2583; x_wconf 83' lang='lat' dir='ltr'><strong>hebdomade</strong></span> <span class='ocrx_word' id='word_1_213' title='bbox 626 2497 780 2584; x_wconf 91' lang='lat' dir='ltr'><strong>paschali,</strong></span> <span class='ocrx_word' id='word_1_214' title='bbox 794 2514 866 2587; x_wconf 77' lang='lat' dir='ltr'><strong>quae</strong></span> <span class='ocrx_word' id='word_1_215' title='bbox 886 2497 997 2582; x_wconf 89' lang='lat' dir='ltr'><strong>incipit</strong></span> <span class='ocrx_word' id='word_1_216' title='bbox 1018 2519 1038 2561; x_wconf 91' lang='lat' dir='ltr'><strong>a</strong></span> <span class='ocrx_word' id='word_1_217' title='bbox 1058 2495 1199 2560; x_wconf 81' lang='lat' dir='ltr'><strong>secunda</strong></span> 
     </span>
     <span class='ocr_line' id='line_1_26' title="bbox 158 2582 1198 2672; baseline -0.001 -25"><span class='ocrx_word' id='word_1_218' title='bbox 158 2584 239 2648; x_wconf 90' lang='lat' dir='ltr'><strong>feria</strong></span> <span class='ocrx_word' id='word_1_219' title='bbox 265 2585 394 2672; x_wconf 84' lang='lat' dir='ltr'><strong>majoris</strong></span> <span class='ocrx_word' id='word_1_220' title='bbox 422 2584 641 2650; x_wconf 79' lang='lat' dir='ltr'><strong>hebdomadae.</strong></span> <span class='ocrx_word' id='word_1_221' title='bbox 692 2583 871 2648; x_wconf 88' lang='lat' dir='ltr'><strong>Confirmat</strong></span> <span class='ocrx_word' id='word_1_222' title='bbox 898 2583 980 2648; x_wconf 87' lang='lat' dir='ltr'><strong>hanc</strong></span> <span class='ocrx_word' id='word_1_223' title='bbox 998 2582 1198 2669; x_wconf 74' lang='lat' dir='ltr'><strong>&#39;sententiam</strong></span> 
     </span>
     <span class='ocr_line' id='line_1_27' title="bbox 152 2667 1198 2758; baseline -0.001 -25"><span class='ocrx_word' id='word_1_224' title='bbox 152 2668 339 2758; x_wconf 79' lang='lat' dir='ltr'><strong>&#39;Dionysius</strong></span> <span class='ocrx_word' id='word_1_225' title='bbox 354 2670 588 2735; x_wconf 86' lang='lat' dir='ltr'><strong>Alexandrinus</strong></span> <span class='ocrx_word' id='word_1_226' title='bbox 608 2673 641 2733; x_wconf 93' lang='lat' dir='ltr'><strong>in</strong></span> <span class='ocrx_word' id='word_1_227' title='bbox 657 2670 795 2756; x_wconf 90' lang='lat' dir='ltr'><strong>epistola</strong></span> <span class='ocrx_word' id='word_1_228' title='bbox 808 2669 849 2734; x_wconf 90' lang='lat' dir='ltr'><strong>ad</strong></span> <span class='ocrx_word' id='word_1_229' title='bbox 863 2668 1047 2746; x_wconf 90' lang='lat' dir='ltr'><strong>Basilidem,</strong></span> <span class='ocrx_word' id='word_1_230' title='bbox 1063 2667 1112 2732; x_wconf 90' lang='lat' dir='ltr'><strong>his</strong></span> <span class='ocrx_word' id='word_1_231' title='bbox 1129 2668 1198 2732; x_wconf 76' lang='lat' dir='ltr'><strong>ver·-</strong></span> 
     </span>
     <span class='ocr_line' id='line_1_28' title="bbox 149 2750 1200 2842; baseline 0 -24"><span class='ocrx_word' id='word_1_232' title='bbox 149 2750 210 2839; x_wconf 74' lang='lat' dir='ltr'><strong>¹bis</strong></span> <span class='ocrx_word' id='word_1_233' title='bbox 226 2757 281 2819; x_wconf 68' lang='lat' dir='ltr'><strong>irtel</strong></span> <span class='ocrx_word' id='word_1_234' title='bbox 294 2758 361 2840; x_wconf 73' lang='grc' dir='ltr'><strong>μηδὲ</strong></span> <span class='ocrx_word' id='word_1_235' title='bbox 381 2758 432 2831; x_wconf 68' lang='grc' dir='ltr'><strong>τὰς</strong></span> <span class='ocrx_word' id='word_1_236' title='bbox 449 2756 483 2834; x_wconf 70' lang='grc' dir='ltr'><strong>ἓξ</strong></span> <span class='ocrx_word' id='word_1_237' title='bbox 500 2762 554 2819; x_wconf 77' lang='grc' dir='ltr'><strong>τῶν</strong></span> <span class='ocrx_word' id='word_1_238' title='bbox 574 2762 680 2834; x_wconf 63' lang='lat' dir='ltr'><strong>messala</strong></span> <span class='ocrx_word' id='word_1_239' title='bbox 700 2754 801 2842; x_wconf 68' lang='grc' dir='ltr'>ἡμέρας</span> <span class='ocrx_word' id='word_1_240' title='bbox 818 2754 885 2830; x_wconf 74' lang='grc' dir='ltr'><strong>ἴσως</strong></span> <span class='ocrx_word' id='word_1_241' title='bbox 898 2756 965 2838; x_wconf 65' lang='grc' dir='ltr'><strong>μηδὲ</strong></span> <span class='ocrx_word' id='word_1_242' title='bbox 980 2753 1075 2838; x_wconf 56' lang='grc' dir='ltr'>ὁμοίως</span> <span class='ocrx_word' id='word_1_243' title='bbox 1090 2754 1200 2829; x_wconf 64' lang='grc' dir='ltr'><em>ὼᾶντες</em></span> 
     </span>
     <span class='ocr_line' id='line_1_29' title="bbox 158 2841 1197 2929; baseline 0 -26"><span class='ocrx_word' id='word_1_244' title='bbox 158 2841 338 2925; x_wconf 63' lang='grc' dir='ltr'><strong>διαμένουσιν·</strong></span> <span class='ocrx_word' id='word_1_245' title='bbox 362 2845 428 2905; x_wconf 75' lang='grc' dir='ltr'><strong>ἀλλ’</strong></span> <span class='ocrx_word' id='word_1_246' title='bbox 449 2849 473 2905; x_wconf 84' lang='lat' dir='ltr'><strong>oi</strong></span> <span class='ocrx_word' id='word_1_247' title='bbox 493 2843 543 2924; x_wconf 76' lang='grc' dir='ltr'><strong>μὲν</strong></span> <span class='ocrx_word' id='word_1_248' title='bbox 563 2843 610 2905; x_wconf 76' lang='grc' dir='ltr'><strong>καὶ</strong></span> <span class='ocrx_word' id='word_1_249' title='bbox 628 2841 730 2916; x_wconf 68' lang='grc' dir='ltr'><strong><em>πάσας</em></strong></span> <span class='ocrx_word' id='word_1_250' title='bbox 745 2841 948 2929; x_wconf 65' lang='grc' dir='ltr'>ὑπερτιθέασιν,</span> <span class='ocrx_word' id='word_1_251' title='bbox 963 2841 1023 2904; x_wconf 73' lang='lat' dir='ltr'><strong>dcc.</strong></span> <span class='ocrx_word' id='word_1_252' title='bbox 1040 2853 1075 2905; x_wconf 92' lang='lat' dir='ltr'><strong>ut</strong></span> <span class='ocrx_word' id='word_1_253' title='bbox 1086 2852 1197 2927; x_wconf 72' lang='lat' dir='ltr'><strong>supra.</strong></span> 
     </span>
     <span class='ocr_line' id='line_1_30' title="bbox 106 2922 1200 3014; baseline -0.001 -23"><span class='ocrx_word' id='word_1_254' title='bbox 106 2990 112 3013; x_wconf 34' lang='lat' dir='ltr'>x</span> <span class='ocrx_word' id='word_1_255' title='bbox 153 2925 237 3000; x_wconf 83' lang='lat' dir='ltr'><strong>&#39;Non</strong></span> <span class='ocrx_word' id='word_1_256' title='bbox 259 2938 358 2992; x_wconf 78' lang='lat' dir='ltr'><strong>&#39;duum</strong></span> <span class='ocrx_word' id='word_1_257' title='bbox 383 2934 445 2991; x_wconf 83' lang='lat' dir='ltr'><strong>o&#39;vo</strong></span> <span class='ocrx_word' id='word_1_258' title='bbox 469 2927 603 2992; x_wconf 91' lang='lat' dir='ltr'><strong>similius</strong></span> <span class='ocrx_word' id='word_1_259' title='bbox 625 2938 685 3005; x_wconf 87' lang='lat' dir='ltr'><strong>est,</strong></span> <span class='ocrx_word' id='word_1_260' title='bbox 708 2950 806 3014; x_wconf 88' lang='lat' dir='ltr'><strong>quarn</strong></span> <span class='ocrx_word' id='word_1_261' title='bbox 829 2940 904 2992; x_wconf 89' lang='lat' dir='ltr'><strong>sunt</strong></span> <span class='ocrx_word' id='word_1_262' title='bbox 924 2927 1007 2991; x_wconf 91' lang='lat' dir='ltr'><strong>inter</strong></span> <span class='ocrx_word' id='word_1_263' title='bbox 1028 2948 1062 2990; x_wconf 89' lang='lat' dir='ltr'><strong>se</strong></span> <span class='ocrx_word' id='word_1_264' title='bbox 1083 2922 1200 2990; x_wconf 83' lang='lat' dir='ltr'><strong>similia</strong></span> 
     </span>
     <span class='ocr_line' id='line_1_31' title="bbox 158 3011 1198 3113; baseline -0.001 -37"><span class='ocrx_word' id='word_1_265' title='bbox 158 3011 230 3077; x_wconf 90' lang='lat' dir='ltr'><strong>haec</strong></span> <span class='ocrx_word' id='word_1_266' title='bbox 255 3013 321 3078; x_wconf 91' lang='lat' dir='ltr'><strong>d&#39;uo</strong></span> <span class='ocrx_word' id='word_1_267' title='bbox 344 3013 428 3099; x_wconf 70' lang='lat' dir='ltr'><strong>loca,</strong></span> <span class='ocrx_word' id='word_1_268' title='bbox 452 3015 564 3078; x_wconf 86' lang='lat' dir='ltr'><strong>Irenaei</strong></span> <span class='ocrx_word' id='word_1_269' title='bbox 588 3036 625 3077; x_wconf 93' lang='lat' dir='ltr'><strong>ac</strong></span> <span class='ocrx_word' id='word_1_270' title='bbox 648 3012 821 3113; x_wconf 81' lang='lat' dir='ltr'><strong>Dionysii:</strong></span> <span class='ocrx_word' id='word_1_271' title='bbox 850 3013 932 3077; x_wconf 92' lang='lat' dir='ltr'><strong>adeo</strong></span> <span class='ocrx_word' id='word_1_272' title='bbox 956 3025 994 3078; x_wconf 91' lang='lat' dir='ltr'><strong>ut</strong></span> <span class='ocrx_word' id='word_1_273' title='bbox 1020 3012 1198 3109; x_wconf 82' lang='lat' dir='ltr'><strong>Dionysius</strong></span> 
     </span>
    </p>
   </div>
   <div class='ocr_carea' id='block_1_3' title="bbox 159 3096 1290 3178">
    <p class='ocr_par' dir='ltr' id='par_1_4' title="bbox 159 3096 1290 3178">
     <span class='ocr_line' id='line_1_32' title="bbox 159 3096 1290 3178; baseline 0 -16"><span class='ocrx_word' id='word_1_274' title='bbox 159 3120 237 3163; x_wconf 90' lang='lat' dir='ltr'><strong>cum</strong></span> <span class='ocrx_word' id='word_1_275' title='bbox 251 3096 321 3164; x_wconf 72' lang='lat' dir='ltr'><strong>h&#39;aec</strong></span> <span class='ocrx_word' id='word_1_276' title='bbox 337 3099 499 3178; x_wconf 88' lang='lat' dir='ltr'><strong>scriberet,</strong></span> <span class='ocrx_word' id='word_1_277' title='bbox 516 3098 628 3164; x_wconf 87' lang='lat' dir='ltr'><strong>irenaei</strong></span> <span class='ocrx_word' id='word_1_278' title='bbox 643 3098 752 3163; x_wconf 91' lang='lat' dir='ltr'><strong>locum</strong></span> <span class='ocrx_word' id='word_1_279' title='bbox 771 3121 803 3163; x_wconf 88' lang='lat' dir='ltr'><strong>rn</strong></span> <span class='ocrx_word' id='word_1_280' title='bbox 820 3113 926 3163; x_wconf 88' lang='lat' dir='ltr'><strong>mente</strong></span> <span class='ocrx_word' id='word_1_281' title='bbox 946 3099 1096 3162; x_wconf 91' lang='lat' dir='ltr'><strong>habuisse</strong></span> <span class='ocrx_word' id='word_1_282' title='bbox 1118 3096 1199 3162; x_wconf 89' lang='lat' dir='ltr'><strong>mihi</strong></span> <span class='ocrx_word' id='word_1_283' title='bbox 1288 3166 1290 3173; x_wconf 68' lang='grc'>,</span> 
     </span>
    </p>
   </div>
   <div class='ocr_carea' id='block_1_4' title="bbox 154 3182 1203 4305">
    <p class='ocr_par' dir='ltr' id='par_1_5' title="bbox 159 3182 1199 3421">
     <span class='ocr_line' id='line_1_33' title="bbox 159 3182 1199 3272; baseline -0.001 -25"><span class='ocrx_word' id='word_1_284' title='bbox 159 3183 313 3249; x_wconf 88' lang='lat' dir='ltr'><strong>videatur.</strong></span> <span class='ocrx_word' id='word_1_285' title='bbox 356 3186 483 3249; x_wconf 89' lang='lat' dir='ltr'><strong>Tertius</strong></span> <span class='ocrx_word' id='word_1_286' title='bbox 505 3185 555 3248; x_wconf 91' lang='lat' dir='ltr'><strong>his</strong></span> <span class='ocrx_word' id='word_1_287' title='bbox 577 3184 712 3272; x_wconf 85' lang='lat' dir='ltr'><strong>adjungi</strong></span> <span class='ocrx_word' id='word_1_288' title='bbox 733 3199 840 3270; x_wconf 90' lang='lat' dir='ltr'><strong>potest</strong></span> <span class='ocrx_word' id='word_1_289' title='bbox 860 3185 951 3249; x_wconf 84' lang='lat' dir='ltr'><strong>locu&#39;s</strong></span> <span class='ocrx_word' id='word_1_290' title='bbox 972 3182 1143 3270; x_wconf 84' lang='lat' dir='ltr'><strong>Epiphanii</strong></span> <span class='ocrx_word' id='word_1_291' title='bbox 1165 3182 1199 3246; x_wconf 89' lang='lat' dir='ltr'><strong>ih</strong></span> 
     </span>
     <span class='ocr_line' id='line_1_34' title="bbox 159 3266 1199 3358; baseline -0.001 -24"><span class='ocrx_word' id='word_1_292' title='bbox 159 3269 359 3356; x_wconf 76' lang='lat' dir='ltr'><strong>expositione</strong></span> <span class='ocrx_word' id='word_1_293' title='bbox 374 3270 448 3334; x_wconf 86' lang='lat' dir='ltr'><strong>fidei</strong></span> <span class='ocrx_word' id='word_1_294' title='bbox 463 3271 654 3350; x_wconf 86' lang='lat' dir='ltr'><strong>Catholicae,</strong></span> <span class='ocrx_word' id='word_1_295' title='bbox 667 3293 763 3356; x_wconf 89' lang='lat' dir='ltr'><strong>supra</strong></span> <span class='ocrx_word' id='word_1_296' title='bbox 772 3273 842 3358; x_wconf 87' lang='lat' dir='ltr'><strong>jam</strong></span> <span class='ocrx_word' id='word_1_297' title='bbox 857 3293 876 3335; x_wconf 90' lang='lat' dir='ltr'><strong>a</strong></span> <span class='ocrx_word' id='word_1_298' title='bbox 890 3266 982 3334; x_wconf 85' lang='lat' dir='ltr'><strong>nobis</strong></span> <span class='ocrx_word' id='word_1_299' title='bbox 997 3282 1199 3333; x_wconf 86' lang='lat' dir='ltr'><strong>commemo·</strong></span> 
     </span>
     <span class='ocr_line' id='line_1_35' title="bbox 159 3358 490 3421; baseline -0.003 -1"><span class='ocrx_word' id='word_1_300' title='bbox 159 3369 258 3420; x_wconf 88' lang='lat' dir='ltr'><strong>ratus.</strong></span> <span class='ocrx_word' id='word_1_301' title='bbox 281 3358 490 3421; x_wconf 73' lang='lat' dir='ltr'><strong>sznsrus</strong></span> 
     </span>
    </p>

    <p class='ocr_par' dir='ltr' id='par_1_6' title="bbox 160 3436 1200 3788">
     <span class='ocr_line' id='line_1_36' title="bbox 204 3436 1200 3540; baseline -0.001 -36"><span class='ocrx_word' id='word_1_302' title='bbox 204 3441 289 3506; x_wconf 85' lang='lat' dir='ltr'><strong>Ibi&#39;d.</strong></span> <span class='ocrx_word' id='word_1_303' title='bbox 312 3449 336 3506; x_wconf 80' lang='lat' dir='ltr'><strong>oi</strong></span> <span class='ocrx_word' id='word_1_304' title='bbox 356 3443 406 3524; x_wconf 77' lang='grc' dir='ltr'><strong>μὲν</strong></span> <span class='ocrx_word' id='word_1_305' title='bbox 428 3441 526 3522; x_wconf 64' lang='lat' dir='ltr'><strong>oiorrm</strong></span> <span class='ocrx_word' id='word_1_306' title='bbox 545 3440 612 3525; x_wconf 74' lang='lat' dir='ltr'><strong>piar</strong></span> <span class='ocrx_word' id='word_1_307' title='bbox 631 3440 733 3528; x_wconf 67' lang='grc' dir='ltr'>ἡμέραν</span> <span class='ocrx_word' id='word_1_308' title='bbox 749 3442 810 3527; x_wconf 72' lang='lat' dir='ltr'><strong>dcc]</strong></span> <span class='ocrx_word' id='word_1_309' title='bbox 834 3440 908 3504; x_wconf 89' lang='lat' dir='ltr'><strong>Sine</strong></span> <span class='ocrx_word' id='word_1_310' title='bbox 928 3438 1028 3504; x_wconf 86' lang='lat' dir='ltr'><strong>dubio</strong></span> <span class='ocrx_word' id='word_1_311' title='bbox 1047 3436 1200 3540; x_wconf 77' lang='lat' dir='ltr'><strong>intelligit</strong></span> 
     </span>
     <span class='ocr_line' id='line_1_37' title="bbox 161 3524 1200 3614; baseline -0.001 -24"><span class='ocrx_word' id='word_1_312' title='bbox 161 3524 304 3592; x_wconf 83' lang='lat' dir='ltr'><strong>Irenaeus</strong></span> <span class='ocrx_word' id='word_1_313' title='bbox 328 3541 450 3592; x_wconf 88' lang='lat' dir='ltr'><strong>sextam</strong></span> <span class='ocrx_word' id='word_1_314' title='bbox 472 3529 584 3591; x_wconf 86' lang='lat' dir='ltr'><strong>feriam</strong></span> <span class='ocrx_word' id='word_1_315' title='bbox 606 3527 737 3614; x_wconf 91' lang='lat' dir='ltr'><strong>majoris</strong></span> <span class='ocrx_word' id='word_1_316' title='bbox 752 3525 975 3606; x_wconf 74' lang='lat' dir='ltr'><strong>hebdomadae.</strong></span> <span class='ocrx_word' id='word_1_317' title='bbox 1013 3525 1097 3590; x_wconf 92' lang='lat' dir='ltr'><strong>Cum</strong></span> <span class='ocrx_word' id='word_1_318' title='bbox 1113 3547 1200 3590; x_wconf 81' lang='lat' dir='ltr'><strong>enim</strong></span> 
     </span>
     <span class='ocr_line' id='line_1_38' title="bbox 160 3602 1200 3707; baseline -0.002 -29"><span class='ocrx_word' id='word_1_319' title='bbox 160 3611 202 3691; x_wconf 80' lang='lat' dir='ltr'><strong>de</strong></span> <span class='ocrx_word' id='word_1_320' title='bbox 225 3614 351 3707; x_wconf 87' lang='lat' dir='ltr'><strong>jejunio</strong></span> <span class='ocrx_word' id='word_1_321' title='bbox 375 3612 517 3700; x_wconf 87' lang='lat' dir='ltr'><strong>paschali</strong></span> <span class='ocrx_word' id='word_1_322' title='bbox 539 3614 699 3699; x_wconf 88' lang='lat' dir='ltr'><strong>loquatur,</strong></span> <span class='ocrx_word' id='word_1_323' title='bbox 722 3628 755 3678; x_wconf 91' lang='lat' dir='ltr'><strong>et</strong></span> <span class='ocrx_word' id='word_1_324' title='bbox 801 3612 935 3677; x_wconf 90' lang='lat' dir='ltr'><strong>uosdam</strong></span> <span class='ocrx_word' id='word_1_325' title='bbox 957 3635 1022 3676; x_wconf 93' lang='lat' dir='ltr'><strong>uno</strong></span> <span class='ocrx_word' id='word_1_326' title='bbox 1045 3602 1200 3676; x_wconf 76' lang='lat' dir='ltr'><strong>duntaxat</strong></span> 
     </span>
     <span class='ocr_line' id='line_1_39' title="bbox 162 3637 1200 3788; baseline -0.002 -25"><span class='ocrx_word' id='word_1_327' title='bbox 162 3698 215 3763; x_wconf 90' lang='lat' dir='ltr'><strong>die</strong></span> <span class='ocrx_word' id='word_1_328' title='bbox 235 3700 382 3788; x_wconf 90' lang='lat' dir='ltr'><strong>jejunare</strong></span> <span class='ocrx_word' id='word_1_329' title='bbox 408 3699 506 3777; x_wconf 92' lang='lat' dir='ltr'><strong>dicat,</strong></span> <span class='ocrx_word' id='word_1_330' title='bbox 532 3721 628 3785; x_wconf 89' lang='lat' dir='ltr'><strong>quem</strong></span> <span class='ocrx_word' id='word_1_331' title='bbox 655 3700 753 3763; x_wconf 90' lang='lat' dir='ltr'><strong>alium</strong></span> <span class='ocrx_word' id='word_1_332' title='bbox 779 3637 868 3763; x_wconf 74' lang='lat' dir='ltr'><strong>diem</strong></span> <span class='ocrx_word' id='word_1_333' title='bbox 890 3698 1070 3785; x_wconf 88' lang='lat' dir='ltr'><strong>intelligere</strong></span> <span class='ocrx_word' id='word_1_334' title='bbox 1092 3709 1200 3785; x_wconf 88' lang='lat' dir='ltr'><strong>potest</strong></span> 
     </span>
    </p>

    <p class='ocr_par' dir='ltr' id='par_1_7' title="bbox 185 3783 1201 3886">
     <span class='ocr_line' id='line_1_40' title="bbox 185 3783 1201 3886; baseline -0.002 -37"><span class='ocrx_word' id='word_1_335' title='bbox 185 3807 258 3849; x_wconf 90' lang='lat' dir='ltr'><strong>uam</strong></span> <span class='ocrx_word' id='word_1_336' title='bbox 273 3785 360 3850; x_wconf 90' lang='lat' dir='ltr'><strong>diem</strong></span> <span class='ocrx_word' id='word_1_337' title='bbox 374 3785 526 3886; x_wconf 82' lang='lat' dir='ltr'><strong>paschae?</strong></span> <span class='ocrx_word' id='word_1_338' title='bbox 556 3784 608 3848; x_wconf 88' lang='lat' dir='ltr'><strong>Sic</strong></span> <span class='ocrx_word' id='word_1_339' title='bbox 630 3785 715 3848; x_wconf 89' lang='lat' dir='ltr'><strong>enirn</strong></span> <span class='ocrx_word' id='word_1_340' title='bbox 737 3787 911 3848; x_wconf 88' lang='lat' dir='ltr'><strong>vocabatur</strong></span> <span class='ocrx_word' id='word_1_341' title='bbox 931 3783 999 3848; x_wconf 92' lang='lat' dir='ltr'><strong>dies</strong></span> <span class='ocrx_word' id='word_1_342' title='bbox 1021 3784 1085 3861; x_wconf 92' lang='lat' dir='ltr'><strong>ille,</strong></span> <span class='ocrx_word' id='word_1_343' title='bbox 1103 3799 1142 3847; x_wconf 91' lang='lat' dir='ltr'><strong>ut</strong></span> <span class='ocrx_word' id='word_1_344' title='bbox 1161 3805 1201 3848; x_wconf 86' lang='lat' dir='ltr'><strong>ex</strong></span> 
     </span>
    </p>

    <p class='ocr_par' dir='ltr' id='par_1_8' title="bbox 154 3866 1203 4305">
     <span class='ocr_line' id='line_1_41' title="bbox 190 3866 1201 3958; baseline -0.002 -24"><span class='ocrx_word' id='word_1_345' title='bbox 190 3871 360 3957; x_wconf 83' lang='lat' dir='ltr'><strong>ertulliano</strong></span> <span class='ocrx_word' id='word_1_346' title='bbox 370 3869 564 3958; x_wconf 65' lang='lat' dir='ltr'><strong>jampridem</strong></span> <span class='ocrx_word' id='word_1_347' title='bbox 581 3870 622 3933; x_wconf 89' lang='lat' dir='ltr'><strong>ab</strong></span> <span class='ocrx_word' id='word_1_348' title='bbox 636 3870 706 3934; x_wconf 90' lang='lat' dir='ltr'><strong>aliis</strong></span> <span class='ocrx_word' id='word_1_349' title='bbox 722 3871 923 3935; x_wconf 87' lang='lat' dir='ltr'><strong>observatum</strong></span> <span class='ocrx_word' id='word_1_350' title='bbox 939 3884 999 3934; x_wconf 91' lang='lat' dir='ltr'><strong>est.</strong></span> <span class='ocrx_word' id='word_1_351' title='bbox 1034 3866 1201 3957; x_wconf 71' lang='lat' dir='ltr'><strong>Quo&#39;qui·</strong></span> 
     </span>
     <span class='ocr_line' id='line_1_42' title="bbox 162 3953 1201 4044; baseline -0.004 -23"><span class='ocrx_word' id='word_1_352' title='bbox 162 3955 237 4021; x_wconf 82' lang='lat' dir='ltr'><strong>dem</strong></span> <span class='ocrx_word' id='word_1_353' title='bbox 253 3957 315 4036; x_wconf 91' lang='lat' dir='ltr'><strong>die,</strong></span> <span class='ocrx_word' id='word_1_354' title='bbox 330 3957 511 4021; x_wconf 90' lang='lat' dir='ltr'><strong>communis</strong></span> <span class='ocrx_word' id='word_1_355' title='bbox 525 3967 558 4020; x_wconf 91' lang='lat' dir='ltr'><strong>et</strong></span> <span class='ocrx_word' id='word_1_356' title='bbox 572 3957 701 4043; x_wconf 88' lang='lat' dir='ltr'><strong>publica</strong></span> <span class='ocrx_word' id='word_1_357' title='bbox 715 3957 832 4044; x_wconf 88' lang='lat' dir='ltr'><strong>jejunii</strong></span> <span class='ocrx_word' id='word_1_358' title='bbox 847 3955 961 4041; x_wconf 86' lang='lat' dir='ltr'><strong>religio</strong></span> <span class='ocrx_word' id='word_1_359' title='bbox 976 3969 1055 4034; x_wconf 89' lang='lat' dir='ltr'><strong>erat,</strong></span> <span class='ocrx_word' id='word_1_360' title='bbox 1070 3969 1108 4020; x_wconf 92' lang='lat' dir='ltr'><strong>ut</strong></span> <span class='ocrx_word' id='word_1_361' title='bbox 1123 3953 1201 4019; x_wconf 89' lang='lat' dir='ltr'><strong>scri-</strong></span> 
     </span>
     <span class='ocr_line' id='line_1_43' title="bbox 156 4038 1201 4127; baseline -0.002 -22"><span class='ocrx_word' id='word_1_362' title='bbox 156 4040 211 4122; x_wconf 87' lang='lat' dir='ltr'><strong>&#39;bit</strong></span> <span class='ocrx_word' id='word_1_363' title='bbox 225 4042 442 4108; x_wconf 86' lang='lat' dir='ltr'><strong>Tertullianus</strong></span> <span class='ocrx_word' id='word_1_364' title='bbox 457 4044 489 4105; x_wconf 93' lang='lat' dir='ltr'><strong>in</strong></span> <span class='ocrx_word' id='word_1_365' title='bbox 505 4042 587 4106; x_wconf 89' lang='lat' dir='ltr'><strong>libro</strong></span> <span class='ocrx_word' id='word_1_366' title='bbox 602 4042 642 4105; x_wconf 93' lang='lat' dir='ltr'><strong>de</strong></span> <span class='ocrx_word' id='word_1_367' title='bbox 657 4044 811 4107; x_wconf 90' lang='lat' dir='ltr'><strong>oratioue.</strong></span> <span class='ocrx_word' id='word_1_368' title='bbox 856 4043 932 4108; x_wconf 76' lang='lat' dir='ltr'><strong>Qua</strong></span> <span class='ocrx_word' id='word_1_369' title='bbox 952 4040 992 4104; x_wconf 91' lang='lat' dir='ltr'><strong>de</strong></span> <span class='ocrx_word' id='word_1_370' title='bbox 1013 4063 1046 4105; x_wconf 92' lang='lat' dir='ltr'><strong>re</strong></span> <span class='ocrx_word' id='word_1_371' title='bbox 1066 4038 1201 4127; x_wconf 87' lang='lat' dir='ltr'><strong>insignis</strong></span> 
     </span>
     <span class='ocr_line' id='line_1_44' title="bbox 154 4126 1200 4217; baseline -0.001 -26"><span class='ocrx_word' id='word_1_372' title='bbox 154 4141 213 4191; x_wconf 81' lang='lat' dir='ltr'><strong>&#39;est</strong></span> <span class='ocrx_word' id='word_1_373' title='bbox 235 4128 399 4217; x_wconf 88' lang='lat' dir='ltr'><strong>Methodii</strong></span> <span class='ocrx_word' id='word_1_374' title='bbox 418 4129 509 4192; x_wconf 92' lang='lat' dir='ltr'><strong>locus</strong></span> <span class='ocrx_word' id='word_1_375' title='bbox 528 4128 561 4191; x_wconf 92' lang='lat' dir='ltr'><strong>in</strong></span> <span class='ocrx_word' id='word_1_376' title='bbox 582 4128 724 4192; x_wconf 89' lang='lat' dir='ltr'><strong>convivio</strong></span> <span class='ocrx_word' id='word_1_377' title='bbox 743 4128 922 4216; x_wconf 84' lang='lat' dir='ltr'><strong>virginum,</strong></span> <span class='ocrx_word' id='word_1_378' title='bbox 934 4127 1078 4191; x_wconf 88' lang='lat' dir='ltr'><strong>oratione</strong></span> <span class='ocrx_word' id='word_1_379' title='bbox 1096 4126 1200 4204; x_wconf 87' lang='lat' dir='ltr'><strong>tertia,</strong></span> 
     </span>
     <span class='ocr_line' id='line_1_45' title="bbox 162 4210 1203 4305; baseline -0.004 -27"><span class='ocrx_word' id='word_1_380' title='bbox 162 4213 218 4305; x_wconf 83' lang='lat' dir='ltr'><strong>qui</strong></span> <span class='ocrx_word' id='word_1_381' title='bbox 234 4213 287 4278; x_wconf 82' lang='lat' dir='ltr'><strong>hic</strong></span> <span class='ocrx_word' id='word_1_382' title='bbox 301 4229 441 4281; x_wconf 83' lang='lat' dir='ltr'><strong>meretur</strong></span> <span class='ocrx_word' id='word_1_383' title='bbox 456 4214 610 4280; x_wconf 81' lang='lat' dir='ltr'><strong>adscribi.</strong></span> <span class='ocrx_word' id='word_1_384' title='bbox 634 4210 724 4300; x_wconf 64' lang='grc' dir='ltr'><strong>ὅπερ</strong></span> <span class='ocrx_word' id='word_1_385' title='bbox 737 4219 795 4302; x_wconf 73' lang='grc' dir='ltr'><strong>γὰρ</strong></span> <span class='ocrx_word' id='word_1_386' title='bbox 811 4214 836 4279; x_wconf 73' lang='grc' dir='ltr'><strong>εἴ</strong></span> <span class='ocrx_word' id='word_1_387' title='bbox 847 4240 888 4288; x_wconf 83' lang='grc' dir='ltr'><strong>τις</strong></span> <span class='ocrx_word' id='word_1_388' title='bbox 901 4218 929 4278; x_wconf 74' lang='grc' dir='ltr'><strong>ἓν</strong></span> <span class='ocrx_word' id='word_1_389' title='bbox 943 4213 1031 4300; x_wconf 74' lang='grc' dir='ltr'>ἡμέρᾳ</span> <span class='ocrx_word' id='word_1_390' title='bbox 1045 4219 1093 4277; x_wconf 80' lang='grc' dir='ltr'><strong>τοῦ</strong></span> <span class='ocrx_word' id='word_1_391' title='bbox 1108 4212 1203 4297; x_wconf 48' lang='lat' dir='ltr'><strong>maiza</strong></span> 
     </span>
    </p>
   </div>
   <div class='ocr_carea' id='block_1_5' title="bbox 0 0 1373 4748">
    <p class='ocr_par' dir='ltr' id='par_1_9' title="bbox 0 0 1373 4748">
     <span class='ocr_line' id='line_1_46' title="bbox 0 0 1373 4748; baseline 0 0"><span class='ocrx_word' id='word_1_392' title='bbox 0 0 1373 4748; x_wconf 95' lang='lat' dir='ltr'><strong> </strong></span> 
     </span>
    </p>
   </div>
  </div>
 </body>
</html>
