2716 4748
191 289 255 360 aaa
333 322 337 331 -
525 260 885 359 annotationis

189 458 248 527 lat.
282 460 393 542 Verba
405 461 524 529 Justini
537 469 613 529 suu't
629 462 712 529 haec.
732 460 807 528 dona
840 462 898 527 ott}
915 452 1063 537 ’Ioaiiioud
1074 450 1109 525 di
1122 486 1166 537 τις
1179 450 1227 553 ὅς’-

189 552 247 621 aaa
260 548 388 636 ἐξετάσῃ,
399 549 591 638 ὁμολογῆσαν
604 548 670 627 tirou
682 551 744 625 τοὺς
757 490 958 625 irrideamur,
973 546 1055 625 iacis
1068 546 1166 635 ipsias
1178 554 1225 613 Δι’

189 631 479 720 piaa5‚1'm5aisxai
494 640 633 721 Μεριςῶν,
650 636 698 699 καὶ
719 635 882 700 Γαλιλαίων
895 636 943 698 καὶ
962 636 1164 719 ‘fflnrrarain
1179 634 1228 703 uui

189 719 366 807 uariata,
381 722 430 785 nai
445 724 595 794 Beaireo‘rr.
633 722 721 787 Sicut
739 742 836 809 neque
854 720 991 800 Judaem
1007 718 1036 785 si
1056 718 1128 819 quis
1148 726 1227 809 'recte

185 806 396 891 perpenderit,
421 805 506 871 dicat
529 828 602 885 esse,
626 806 811 875 Sadducaeos
835 817 891 895 aut
914 806 1063 892 ejusmodi
1086 801 1225 887 haereses,

192 890 396 961 Genistaruni
422 902 453 957 et
477 892 694 972 Morinorum,
723 892 931 961 Gatitaeornm
959 902 991 957 et
1021 890 1224 957 Helleniano-

188 998 271 1061 rum,
293 978 526 1047 Pharisaeorum
544 1000 582 1043 oc
603 976 832 1065 Baptisto'rum.
876 980 904 1043 E
927 977 1073 1063 iphanius
1098 995 1225 1063 quoque

188 1074 312 1149 septem
328 1065 487 1130 Iudaismi
505 1064 640 1129 haereses
659 1063 808 1151 agnoscit
818 1088 828 1142 ;
855 1085 889 1127 se
930 1063 1044 1128 casita
1058 1060 1204 1139 nominat
1208 1084 1223 1147 3

189 1148 328 1229 Scribas,
353 1150 540 1228 Pharisaeos‚
562 1148 767 1228 Sadducaeos,
791 1152 927 1228 Essaeos,
949 1150 1138 1227 Nazaraeoa,
1160 1148 1224 1213 He·

188 1236 322 1310 meroba
347 1237 447 1312 tistas,
466 1232 678 1301 Herodiaaos.
707 1238 746 1299 In
761 1234 904 1300 indiculo
917 1234 1084 1299 haereseon
1123 1232 1157 1299 ui
1170 1229 1223 1310 tri·

188 1319 300 1385 buitur
313 1258 353 1385 i.
366 1320 579 1409 Hieronymo,
593 1320 704 1386 decem
718 1313 928 1387 numerantur
942 1320 1082 1385 hareses
1095 1256 1225 1397 iudeo·

188 1409 274 1470 rum.
295 1406 362 1494 Qui
376 1406 467 1471 locus
483 1407 637 1493 quoniam
652 1407 782 1473 illustris
796 1422 857 1486 est,
869 1407 923 1471 hic
939 1402 1223 1506 mereturapporii.

190 1491 219 1556 I.
242 1488 348 1579 Efinei
367 1492 473 1557 dicunt
497 1492 656 1557 Christum
677 1492 813 1557 docuisse
835 1491 906 1558 illos
927 1514 1046 1557 omnem
1067 1490 1224 1557 abstinen-

189 1576 280 1662 tiam.
325 1579 370 1641 ΙΙ.
394 1577 527 1643 Gatitaet
545 1578 652 1643 dicunt
669 1578 826 1644 Christum
845 1578 960 1643 uenisse
973 1576 1155 1643 etdocuisse
1166 1596 1224 1657 eos,

187 1684 228 1727 ne
241 1663 375 1728 diruant
390 1662 547 1729 dominum
563 1666 730 1745 Caesarem,
744 1686 818 1729 neve
831 1666 897 1751 ejus
911 1664 1042 1730 monetis
1055 1672 1224 1743 uterentur.

189 1747 255 1814 111.
274 1749 439 1814 Mardonei
460 1749 568 1816 dicant
588 1751 689 1837 ipsum
710 1772 774 1816 esse
794 1750 953 1816 Christum
967 1749 1030 1838 qui¹
1038 1746 1144 1814 docuit
1156 1746 1225 1813 ilios

188 1832 223 1897 in
249 1836 331 1899 omni
351 1858 387 1899 re
407 1834 620 1901 Sadbatizare.
665 1838 724 1903 IV.
746 1835 905 1901 Plian'saei
925 1846 1042 1936 negant
1067 1833 1226 1915 Christum

188 1919 316 2001 uenisse,
328 1941 382 1986 nec
394 1920 462 1987 ulla
475 1921 508 1986 in
519 1946 555 1986 re
568 1944 636 1986 cum
650 1922 812 2009 praedictis
824 1932 1060 1987 communicant.
1089 1923 1133 1986 V.
1147 1918 1226 2008 Sad7

188 2002 291 2069 ducaei
300 2018 417 2094 negant
427 2007 687 2089 resarrrectionem,
697 2008 846 2073 dicentes.-
862 2008 992 2073 Dictum
1002 2018 1048 2073 est
1059 2006 1104 2071 ad
1110 2006 1227 2088 Ad'am',

145 2133 149 2140 -
189 2088 288 2175 Terra
302 2102 377 2157 eset
393 2092 426 2157 in
442 2104 557 2158 terram
575 2092 643 2159 iiis.
685 2096 746 2161 VI.
771 2093 912 2160 Genistae
924 2103 1130 2193 praesumunt
1151 2114 1226 2181 qua·

188 2176 277 2242 niam
290 2178 329 2242 de
342 2200 454 2265 genere
467 2178 606 2244 Aurata
618 2191 703 2244 sunt.
744 2181 824 2245 VII.
844 2180 1001 2257 Mertstoe,
1017 2177 1167 2265 quoniam
1181 2198 1228 2243 se·

186 2272 305 2348 parant
323 2262 503 2349 scripturas,
517 2288 577 2329 uon
592 2265 746 2330 medentes
761 2264 899 2329 omnibus
908 2262 1076 2351 prophetis,
1093 2262 1228 2328 dicentes

189 2345 264 2413 aliis
285 2360 315 2413 et
337 2347 410 2416 aliis
469 2350 591 2414 iritidus
609 2350 818 2436 prophetasse.
861 2351 958 2415 VIII.
981 2348 1153 2413 Samaritae
1168 2347 1229 2498 pai

188 2435 223 2499 in
239 2436 338 2499 locum
353 2436 441 2501 Israe
467 2437 586 2521 captiuo
609 2449 640 2501 et
660 2436 788 2501 abducto
803 2436 837 2500 in
851 2434 1060 2523 Babyloniam
1076 2446 1166 2499 trans
1181 2432 1229 2501 ati

189 2533 273 2586 sunt.
313 2522 471 2587 Venientes
494 2524 526 2586 in
548 2535 664 2586 terram
685 2522 840 2587 Samariae
858 2545 892 2586 re
916 2521 993 2587 ionis
1015 2544 1054 2586 en
1069 2530 1165 2607 parte
1179 2522 1228 2586 Is·

187 2607 385 2687 redditurum,
406 2607 651 2672 consuetudinem
674 2631 769 2694 qnam
791 2629 875 2671 sacer
897 2619 944 2673 ote
965 2608 1088 2671 reducto
1112 2606 1229 2671 didice-

188 2704 264 2764 runt
280 2703 406 2756 terrent:
430 2716 469 2757 en
485 2706 579 2778 parte
604 2692 771 2774 Gentilem,
790 2715 885 2781 qnam
906 2693 941 2758 in
961 2692 1140 2758 natiuitatis
1161 2714 1229 2757 suae

190 2790 275 2842 terra
295 2777 476 2842 induerunt.
521 2780 605 2842 Nam
630 2781 663 2844 in
689 2779 947 2844 obseruationibus
972 2778 1036 2843 suis
1061 2800 1082 2843 a
1105 2778 1231 2842 Judoeis

190 2863 310 2927 omnino
327 2875 520 2948 separantur,
531 2887 661 2952 quorum
675 2865 850 2951 superstitio
863 2864 973 2950 promi
985 2862 1074 2928 dudio
1089 2862 1231 2929 omnihus

189 2959 264 3013 uota
278 2960 333 3011 est.
380 2950 439 3013 IX.
455 2950 651 3015 Herodiani:
676 2951 873 3037 Temporibus
889 2949 1062 3015 Saloutaris
1077 2948 1146 3013 inec
1161 2950 1231 3014 iee-

189 3034 266 3098 resis
280 3036 465 3099 exsurrexit.
501 3036 549 3101 Hi
571 3036 724 3101 Herodem
746 3034 1002 3123 maonificalront,
1023 3035 1159 3099 dicentes
1180 3034 1229 3120 ip-

191 3142 259 3185 sum
283 3142 347 3186 esse
374 3121 541 3186 Christum.
585 3124 629 3187 X.
654 3090 938 3207 Hemeroiaptistoe
960 3121 1015 3209 qui
1037 3120 1180 3208 quotidie
1200 3131 1231 3185 et

189 3222 316 3293 corpora
330 3219 431 3272 suaet
445 3209 567 3273 domum
581 3220 610 3273 et
625 3207 848 3294 supellectilem
862 3207 981 3273 lauant.
1007 3205 1107 3292 Apud
1122 3206 1230 3270 Isido-

190 3317 262 3358 rum
277 3295 310 3358 in
324 3294 379 3357 lib.
390 3294 451 3357 viii.
469 3294 652 3381 Originum,
667 3309 743 3358 octo
760 3306 968 3358 numerantur
981 3292 1129 3370 haereses,
1147 3290 1233 3356 Pha·

190 3379 274 3444 risaei
295 3378 427 3457 scilicet,
449 3381 628 3460 Sadducaei,
647 3380 760 3458 EfineI,
782 3378 966 3456 Morbonei,
982 3377 1137 3456 Genistae,
1154 3378 1233 3441 Me-

190 3465 287 3542 ristae‚
314 3465 479 3528 Samaritae
505 3480 539 3530 et
563 3466 868 3551 Hemerobaptistae.
903 3463 1052 3549 Denique
1076 3462 1231 3527 Clemens

185 3548 222 3614 'in
238 3549 294 3615 lib.
308 3554 333 3612 Ι.
350 3550 635 3636 Recognitionum,
650 3550 791 3637 quinque
805 3551 958 3615 duntaxat
979 3562 1081 3612 sectas
1096 3548 1231 3612 Judaeo-

192 3658 265 3699 rum
284 3650 437 3714 recenset,
453 3659 525 3722 quae
548 3635 720 3701 schismata
743 3636 901 3723 appellat:
925 3634 1122 3698 Sadducaeos
1143 3632 1233 3699 scili·

191 3724 255 3800 c'et,
271 3721 454 3798 Samarites,
468 3723 605 3801 Scribas,
622 3722 798 3787 Pharisaeos
819 3735 852 3787 et
871 3720 1028 3807 quosdam
1042 3742 1082 3784 ex
1095 3720 1233 3785 Joannis

190 3807 345 3893 Baptistae
368 3806 542 3892 discipulis.
580 3808 704 3872 “Cum
723 3809 842 3886 enim,”
860 3807 975 3906 inquit,
994 3813 1017 3845 ‘⁶
1027 3805 1096 3891 jam
1118 3804 1234 3870 immi·

190 3898 215 3933 “
230 3905 319 3956 neret
343 3904 432 3956 ortus
458 3892 590 3972 Christi,
617 3893 657 3958 ad
683 3893 836 3957 sacrificia
860 3892 990 3979 quidem
1016 3890 1232 3978 reprimenda,

190 3984 215 4018 “
230 3976 381 4064 baptismi
394 3998 468 4041 vero
481 3979 617 4065 gratiam
639 3978 848 4065 largiendam,
862 3976 1011 4042 inimicus
1030 3999 1069 4041 ex
1090 3975 1233 4064 his'quae

190 4070 214 4105 “
228 4062 381 4150 praedicta
410 4063 545 4144 fuerant,
574 4065 685 4129 adesse
720 4078 849 4150 tempus
883 4062 1079 4151 intelligens,
1107 4060 1235 4129 diversa

189 4156 214 4190 “
229 4149 402 4213 schismata
416 4150 607 4235 operabatur
625 4151 657 4215 in
676 4150 809 4237 populo,
825 4162 863 4214 ut
875 4149 901 4212 si
917 4148 1001 4213 forte
1014 4148 1102 4235 prius
1115 4168 1234 4239 pecca-

189 4236 214 4319 ’ξ
226 4232 299 4299 tuni
312 4232 618 4321 potuissetlabolcri,
633 4234 773 4301 secunda
786 4234 906 4321 corrigi
920 4233 1016 4321 culpa
1029 4256 1094 4321 ann
1108 4242 1235 4321 ppaset.

186 4325 214 4371 t‘
226 4320 304 4387 Erat
326 4342 407 4411 ergo
425 4321 567 4412 primum
585 4320 858 4394 schismaeor'ura
873 4319 930 4413 qui
944 4313 1234 4390 accusaturum-
