2716 4748
271 294 333 364 262
397 286 400 291 ’
605 280 971 361 ANNorA‘rroNFs
1152 302 1161 339 '=

270 486 346 531 mus
366 484 532 531 successor
551 462 672 531 Soteris
686 463 760 546 fuit,
773 464 814 531 ad
829 464 923 553 cujus
937 472 1062 530 rausum¹
1072 473 1228 551 quartum
1244 454 1311 531 Gr·

262 551 471 653 taphrygum
485 572 544 617 seu
560 550 834 617 Montanistarum
847 549 1007 638 originem
1022 549 1186 616 Eusebius
1199 551 1309 619 reims

262 635 374 703 ·Non'1
411 651 463 704 tur
477 639 609 709 Praxeas
627 630 803 704 Eleuthero
820 652 1040 724 praecessorum
1052 636 1119 722 ejus
1135 637 1307 704 wiorno-

270 733 327 804 tss,
342 746 376 790 se
418 723 513 791 unius
531 723 652 790 Soteris
673 724 899 790 auctoritatem
919 722 1068 789 adversus
1089 722 1310 789 Montanistas

269 811 413 960 proferre
426 810 594 898 potuisset.
615 810 743 877 Deinde
757 827 796 876 ex
808 809 912 876 verbis
925 806 1114 876 Tertulliani
1127 806 1309 890 conficitur,

297 918 422 962 saxeam
438 897 472 962 in
487 896 601 976 urbem
618 896 751 976 venisse,
764 895 873 984 ibique
889 895 1038 962 haeresim
1052 916 1147 960 suam
1160 893 1309 960 dissemi-

270 1003 374 1047 nasse.
416 981 558 1048 Aliunde
572 1005 646 1049 vero
660 994 776 1048 notum
789 995 850 1062 est,
864 981 1014 1047 haeresim
1028 981 1114 1047 illius
1132 1002 1201 1048 noa
1221 979 1309 1071 prim

268 1087 328 1133 cru
351 1069 425 1148 isse,
439 1088 537 1157 quam
550 1069 666 1148 Victor
679 1068 902 1156 pontificatum
914 1067 1050 1156 adeptus
1064 1077 1161 1132 esset.
1248 1108 1251 1113 -
1270 1152 1273 1159 Ι

264 1204 269 1215 ,
346 1155 444 1221 ertius
458 1167 507 1221 est
518 1155 705 1221 Gallicanos
717 1157 843 1235 fratres,
856 1177 921 1219 una
933 1177 1010 1220 cum
1024 1152 1182 1219 relatione
1195 1170 1308 1219 eorum

269 1260 345 1326 quae
365 1263 435 1305 mar
472 1262 522 1306 res
542 1240 696 1328 Lugduni
739 1241 801 1306 assi
813 1241 950 1320 fuerant,
966 1240 1125 1328 privatum
1146 1238 1188 1303 de
1211 1239 1309 1304 Mon·

269 1337 359 1405 tarro,
373 1253 544 1393 Alcibiade
563 1349 599 1392 ac
617 1263 791 1393 Theoeioto
809 1326 972 1414 judicium
992 1347 1099 1403 suum,
1112 1323 1307 1412 religiosum,

269 1410 375 1497 inquit
392 1412 562 1492 Eusebius,
576 1425 607 1479 et
626 1432 695 1477 cnm
717 1411 886 1478 orthodoxo
895 1408 967 1514 fide
988 1410 1222 1476 remotissime
1242 1431 1309 1475 con·

269 1498 414 1579 sentiens,
427 1498 469 1563 ad
483 1499 571 1564 Asiae
586 1511 621 1564 et
635 1497 785 1587 Phrygiae
798 1499 949 1564 ecclesias
961 1497 1096 1563 misisse.
1134 1496 1238 1561 ‘Idem
1254 1495 1317 1584 juv

267 1582 392 1650 dicium
407 1584 505 1650 simul
517 1607 574 1650 eos
587 1585 764 1651 Eleuthero
780 1598 895 1651 notum
908 1584 1022 1650 fecisse
1035 1581 1127 1650 valde
1141 1581 1311 1668 probabile

267 1680 329 1735 est.
372 1673 449 1736 Hoc
463 1683 561 1751 certe,
573 1671 715 1738 Eusebio
726 1671 798 1758 ipso
812 1683 906 1751 teste,
916 1668 1163 1747 confirmabant,
1172 1666 1310 1752 prolatis

268 1755 502 1843 interfhctorum
517 1757 601 1844 opud
613 1779 646 1823 se
659 1766 837 1844 martyrum
861 1755 959 1822 variis
1019 1753 1133 1831 istriis,
1147 1774 1232 1841 qnos
1251 1751 1311 1833 itti,

268 1841 345 1906 dnm
360 1841 393 1907 in
407 1842 539 1908 uinculis
553 1841 654 1908 adhuc
667 1853 777 1924 essent,
788 1843 909 1928 partim
922 1842 965 1908 od
1001 1852 1100 1907 ratres
1114 1837 1150 1904 in
1164 1837 1311 1927 Phrygia

268 1926 423 2016 degentes,
436 1929 557 2014 partim
573 1929 614 1994 nd
628 1920 835 1994 Eleutherum
855 1924 1007 1994 Romanae
1026 1925 1112 1992 ordis
1135 1924 1312 2012 episcopam

268 2013 469 2099 scripserant.
512 2015 585 2079 Nec
606 2013 839 2102 ambigendum
856 2013 992 2093 videtur,
1006 2012 1085 2101 quin
1098 2011 1229 2077 litteras
1242 2011 1312 2077 illas

268 2098 515 2186 conscripserint
528 2112 697 2252 marffies
712 2108 885 2189 postquam
898 2098 1115 2177 Alcibiadem,
1126 2097 1225 2185 eujus
1238 2111 1312 2163 aus·

268 2197 338 2251 tera
357 2185 481 2252 vivendi
502 2186 585 2253 ratio
648 2187 816 2255 ontanistis
835 2186 940 2252 favero
958 2185 1136 2263 videbatur,
1151 2204 1216 2248 non
1232 2192 1314 2249 reste

268 2293 367 2358 neque
390 2272 496 2338 ordine
537 2295 624 2355 osne
644 2273 759 2338 Attalo
780 2271 955 2338 revelatum
977 2271 1049 2337 fuit.
1082 2266 1314 2335 Consulum

160 2364 163 2373 '
268 2356 345 2422 Vid.
374 2357 504 2426 infraa
556 2358 943 2426 fin.Er1sr.V1auu.
981 2379 1029 2423 ur
1063 2359 1312 2422 Luooousu-

271 2464 382 2510 sruM.

605 2619 964 2658 w·-

312 2784 440 2847 Interea
453 2783 567 2849 statuit
581 2777 649 2848 sine
663 2783 791 2863 idoneo,
806 2782 874 2846 imo
887 2791 995 2868 spreto
1006 2779 1111 2845 valido
1122 2780 1313 2847 testimonio

269 2867 444 2949 Semlerus‚
475 2883 633 2957 martyres
662 2869 894 2955 Lugdunenses
922 2882 956 2934 et
983 2868 1183 2933 Viennenses
1212 2867 1316 2934 fuisse·

268 2953 408 3038 partium
439 2956 725 3035 Montanistarum,
752 2955 897 3042 quamvis
922 2952 1075 3017 catholici
1100 2966 1217 3038 postea
1240 2953 1314 3018 haec

268 3041 400 3105 nomina
417 3042 482 3106 suis
501 3041 592 3105 fastis
612 3040 839 3126 inscripserint.
861 3039 1036 3104 obuncet.
1050 3039 1129 3102 Non.
1145 3041 1200 3123 ξς.
1214 3053 1265 3104 28.
1279 3052 1315 3105 et

268 3138 319 3190 43.
350 3127 415 3192 Sed
429 3127 521 3214 plura
532 3126 572 3190 de
583 3127 643 3191 hac
656 3148 701 3206 re,
713 3126 843 3213 quando
854 3124 894 3191 ad
907 3127 1003 3190 finem
1016 3124 1160 3210 epistolae
1173 3126 1315 3191 Quum

267 3212 386 3278 Vienn.
400 3226 433 3278 et
445 3213 555 3300 Lugd.
566 3212 755 3278 venerimus.
782 3211 959 3277 Ostendere
970 3223 1078 3275 autem
1091 3210 1160 3276 vult
1175 3211 1211 3274 iu
1225 3211 1317 3276 uotis

268 3297 310 3361 ad
332 3300 510 3365 Eusebium
530 3299 692 3379 Valesius,
707 3299 741 3363 S.
756 3299 915 3363 lrenaeum
935 3298 1043 3362 lite'ras
1066 3309 1250 3384 martyrum
1271 3297 1314 3361 ad

268 3384 480 3450 Eleutherum
496 3407 660 3471 nunquam
674 3405 784 3470 reapse
801 3383 980 3470 pertulisse,
995 3394 1128 3470 propter
1141 3383 1315 3469 angustias

268 3469 412 3534 ecelesiae
435 3471 591 3557 Lugduni
611 3484 784 3547 retentum,
801 3492 875 3533 nam
893 3483 1046 3555 rogatum
1061 3467 1194 3554 quidem
1213 3468 1314 3533 fuisse

267 3576 342 3618 eum
359 3579 379 3620 a
393 3557 589 3643 martyribus
603 3571 637 3622 et
651 3558 692 3621 ab
708 3555 796 3620 omni
810 3555 898 3620 clero
911 3553 1138 3641 Lugdunensis
1151 3553 1315 3633 ecclesiae,

267 3652 307 3704 ut
326 3640 435 3707 literas
455 3643 599 3727 ipsorum
622 3641 664 3706 ad
685 3640 897 3707 Eleutherum
918 3640 1066 3718 deferret,
1080 3639 1182 3726 idque
1203 3639 1313 3725 ipsum

267 3747 303 3790 se
318 3727 691 3814 facturumpromisisse,
704 3744 814 3791 verum
829 3748 904 3790 oum
920 3725 1049 3791 Pothini
1063 3725 1210 3825 episcopi
1224 3746 1315 3791 mora

154 3809 158 3827 ¹
268 3812 440 3878 subsecuta
452 3826 548 3894 esset,
560 3816 719 3878 Irenaeum
733 3811 768 3876 id
780 3825 933 3899 praestare
945 3834 1009 3875 non
1021 3825 1181 3910 potmsse3
1198 3825 1314 3897 postea

268 3919 344 3963 vero
359 3901 410 3964 Lu
435 3899 593 3964 dunenses
609 3899 720 3964 fratres
737 3898 958 3985 perseeutione
981 3897 1070 3962 finita
1092 3896 1134 3960 ad
1153 3895 1311 3961 Eleuthe

268 4006 342 4048 rum
356 3921 485 4050 easdem
500 3986 608 4051 literas
621 3985 774 4072 adjuncta
788 4004 845 4048 sua
858 3982 995 4069 epistola
1012 4003 1070 4068 per
1088 3981 1189 4045 alium
1209 3996 1313 4081 quen·

269 4070 346 4134 dam
368 4071 503 4152 misisse,
521 4073 645 4136 Irenaeo
662 4071 733 4157 jam
755 4070 908 4156 episcopo
928 4070 1027 4134 facto.
1074 4068 1156 4131 Haec
1177 4067 1313 4154 qurdem

268 4157 437 4236 Valesius3
461 4181 537 4224 cum
558 4179 632 4223 vero
654 4145 767 4220 Irenaei
786 4157 845 4220 iter
865 4176 976 4242 reapse
989 4155 1113 4219 factum
1127 4152 1230 4218 fuisse
1243 4155 1312 4219 Eu-

269 4242 376 4310 sebius
402 4244 479 4311 satis
505 4257 613 4332 aperte
640 4241 811 4330 significet,
836 4241 1124 4331 Hieronymusque
1145 4239 1200 4306 De
1224 4238 1314 4306 Viris
