2716 4748
230 312 284 381 IN
305 312 574 383 CONCILIUM
595 313 924 383 LUGDUNENSE.
1026 335 1090 404 403
1156 362 1161 374 .

57 481 149 550 utilis
170 494 216 549 est
236 487 420 573 complemus
463 488 721 577 codragesimorn.
756 487 865 554 Verba
880 498 954 551 sunt
964 507 1008 550 ex
1023 486 1096 550 offi-

58 571 112 635 cio
139 571 327 637 Graecorum
354 574 388 638 in
412 511 546 639 sabbato
571 589 643 638 ante
667 574 874 639 Dominicam
899 572 1092 658 palmarum.

57 655 183 722 Verum
199 679 300 744 neque
314 659 367 724 hic
381 672 504 738 auctor,
518 682 576 725 neo
588 660 731 747 plerique
745 660 798 724 alii
813 659 1003 723 recentiores
1018 658 1095 722 satis

56 739 252 811 intellexisse
274 745 353 809 mihi
366 745 522 825 videntur,
537 769 595 811 cur
615 747 686 810 haec
707 767 825 831 magna
845 744 1020 808 hebdomas
1042 743 1093 806 in-

57 827 187 892 terdum
203 829 417 916 distinguatur
436 854 455 895 a
475 831 729 918 quadragesima.
772 833 850 895 Non
866 831 950 894 enim
966 830 1011 894 ita
1024 829 1093 893 dis-

56 912 230 998 tinguitur,
243 917 335 1014 quasi
355 939 461 981 revera
483 941 547 983 non
569 918 724 1004 pertineat
745 916 786 980 ad
804 916 1094 1002 quadragesimam.

56 996 182 1063 Verum
196 1001 237 1064 ab
250 1001 305 1065 rlla
319 1002 536 1089 distinguitur,
552 1018 588 1067 ut
608 1025 679 1089 pars
698 1025 718 1067 a
737 1015 819 1066 toto.
857 1001 925 1066 Cur
944 1014 1052 1066 autern
1074 1023 1095 1065 a

55 1083 305 1233 quadragesima
324 1089 482 1153 interdurn
503 1089 654 1154 distincta
675 1090 781 1167 fuerit,
799 1089 917 1174 duplex
938 1087 1019 1151 ratio
1042 1086 1093 1150 af·

71 1169 134 1233 erri
146 1186 264 1256 potest.
306 1173 421 1252 Prima,
435 1174 524 1260 quod
537 1174 721 1240 districtiori
738 1174 856 1260 'ejunio
870 1172 1095 1252 celebraretur,

29 1334 30 1338 Ἰ
57 1257 322 1341 superpositionis
328 1260 458 1324 scilicet
471 1274 509 1324 ut
522 1282 617 1346 supra
631 1198 840 1326 ostendimus.
881 1258 1028 1323 Secunda
1043 1279 1095 1321 ra·

56 1339 119 1419 tio,
135 1342 222 1428 quod
236 1343 306 1408 haec
321 1344 496 1410 hebdomas
511 1346 639 1445 proprie
653 1347 695 1411 ad
708 1345 828 1432 pascha
841 1345 990 1430 pertinet.
1034 1345 1096 1407 Fe-

56 1425 116 1490 riae
129 1428 214 1492 enim
229 1427 441 1494 hebdomadis
454 1431 700 1497 denommantnr
712 1454 731 1495 a
743 1444 896 1531 sequente
909 1427 1094 1509 Dominica,

57 1523 94 1576 et
107 1511 149 1576 ad
165 1536 236 1579 eam
251 1517 421 1600 pertinent,
438 1531 474 1581 ut
489 1517 565 1581 alibi
580 1517 860 1583 demonstrabitur.
893 1517 1003 1581 Quare
1017 1537 1094 1579 cum

56 1595 130 1661 haec
143 1599 321 1666 hebdomas
334 1602 539 1666 Dominicam
556 1602 739 1689 paschalem
753 1602 898 1688 proxime
913 1599 1094 1679 antecedat,

57 1685 286 1750 meritoetiam
300 1687 340 1753 ad
355 1710 426 1751 earn
442 1690 590 1773 pertinet.
634 1689 722 1753 Hinc
741 1687 897 1773 estquod
916 1686 1095 1750 hebdomas
1127 1728 1132 1741 ι

56 1770 173 1855 μεγάλη
189 1770 315 1836 dicitur.
361 1772 464 1860 Cujus
488 1774 635 1839 vocabuli
653 1796 765 1838 causas
785 1774 878 1837 affert
894 1771 1095 1859 Chrysosto-

56 1875 133 1919 mus
155 1857 302 1921 Homilia
319 1872 369 1922 30.
393 1860 425 1922 in
449 1861 612 1925 Genesim.
656 1860 719 1923 Sed
743 1881 815 1923 vera
840 1857 925 1922 illius
946 1856 1096 1921 vocabuli

57 1941 142 2005 ratio
156 1955 205 2006 est
218 1965 315 2029 quam
327 1944 402 2008 dixi.
427 1943 511 2009 Cum
525 1946 610 2009 enim
623 1945 695 2010 haec
707 1945 749 2010 sit
762 1943 940 2008 hebdomas
955 1943 1095 2028 paschae,

56 2023 129 2091 dies
143 2039 249 2093 autem
265 2029 394 2115 paschae
409 2032 588 2180 appelletur
607 2038 623 2110 ἡ
644 2032 757 2116 μεγάλη
783 2034 897 2117 nuptant)
920 2037 968 2093 τοῦ
990 2029 1097 2114 πάχει,

55 2125 147 2177 recte
166 2113 264 2179 etiam
287 2114 357 2179 haec
379 2115 442 2179 heb
466 2139 556 2180 omas
576 2130 685 2181 sancta
700 2130 733 2181 et
746 2138 864 2201 magna
883 2114 1096 2200 cognomina-

55 2207 124 2263 tur.
168 2199 206 2265 In
220 2200 332 2288 typico
348 2202 448 2266 sancti
462 2203 565 2282 Sabae,
579 2202 698 2288 singuli
717 2201 785 2266 dies
805 2201 901 2288 hujus
915 2201 1096 2283 hebdoma-

55 2280 112 2347 dis
125 2286 228 2350 sancti
242 2300 276 2350 et
289 2288 397 2372 magni
412 2303 564 2352 vocantur
578 2288 641 2351 hoc
660 2287 759 2352 modo
775 2311 782 2349 ε
804 2294 818 2365 ἡ
833 2285 906 2370 ἁγία
920 2287 966 2348 καὶ
980 2285 1096 2369 μεγάλη

56 2368 184 2457 δευτέρα,
200 2373 292 2436 etsie
308 2374 467 2458 deinceps.
513 2373 691 2458 Incipiebat
712 2387 819 2436 autem
843 2371 1021 2435 hebdomas
1040 2369 1097 2433 illa

57 2476 80 2519 a
92 2454 172 2520 feria
183 2458 330 2537 secunda,
342 2472 379 2522 ut
392 2460 545 2523 discimus
560 2481 598 2522 cx
612 2459 736 2546 Cyrillo
751 2473 785 2522 et
795 2457 976 2542 Theophilo
988 2456 1021 2518 in
1033 2455 1096 2520 ho-

57 2540 129 2605 mil.
143 2543 284 2627 paschal.
297 2561 330 2608 et
342 2567 381 2608 ex
392 2544 572 2631 Epiphanio
583 2546 615 2608 in
628 2545 788 2608 Adrianis.
812 2545 910 2607 Porro
923 2543 1066 2629 quamvis
1076 2563 1098 2605 a

58 2627 305 2714 quadragesima
317 2653 545 2716 nonnunquam
558 2629 807 2716 distingueretur
818 2629 861 2693 ob
873 2651 925 2692 eas
938 2649 1017 2714 quas
1031 2626 1098 2693 dixi

58 2712 184 2793 causas,
199 2736 305 2779 revera
324 2729 431 2780 tamen
453 2715 625 2803 conjuncta
643 2728 712 2780 erat
731 2714 995 2801 quadragesima,
1010 2711 1096 2799 ejus-

83 2819 125 2862 ue
139 2814 282 2864 extrema
296 2823 368 2886 pars
382 2815 450 2866 erat
465 2814 498 2864 et
513 2802 799 2886 complementum.
834 2800 931 2863 Certe
946 2799 979 2863 id
995 2797 1098 2863 mani·

58 2820 142 2947 leste
154 2885 318 2971 colligitur
337 2910 377 2951 cx
397 2887 537 2951 homiliis
552 2887 754 2971 paschalibus
771 2885 908 2972 Cyrilli:
931 2885 963 2949 in
978 2883 1097 2970 quibus

58 2967 132 3034 haec
154 2972 332 3057 septimana
353 2988 508 3060 perpetuo
531 2973 683 3037 distincta·
700 2972 819 3058 legitur
840 2994 859 3035 a
880 2971 1003 3056 reliqua
1017 2991 1097 3056 qua-

56 3054 265 3140 ⁴dragesima3
288 3072 320 3122 et
335 3061 511 3144 septimana
525 3058 651 3144 paschae
667 3072 809 3124 vocatur.
850 3056 973 3122 Eadem
988 3068 1099 3127 tamen

59 3142 317 3228 quadragesimae
331 3145 556 3223 contribuitur,
570 3145 688 3243 quippe
709 3167 781 3242 quae
802 3141 1014 3228 quadraginta
1028 3138 1097 3203 die-

59 3248 134 3291 rum
151 3249 321 3292 numerum
336 3230 519 3315 adimpleat.
551 3230 703 3317 Demque
717 3228 798 3292 illud
813 3228 914 3291 etiam·
926 3226 1096 3301 observan-

58 3310 141 3375 dum
163 3327 223 3390 est,
245 3314 333 3403 quod
352 3316 463 3380 scribit
485 3316 632 3383 Socrates
651 3317 682 3379 in
703 3314 761 3379 lib.
776 3338 804 3383 v.
824 3334 894 3398 cap.
906 3326 955 3375 22.
976 3323 1098 3377 veteres

62 3392 265 3464 Christianos
284 3400 434 3487 paschale
456 3423 551 3464 suurn
568 3399 729 3485 jejunium
743 3420 873 3462 vocasse
891 3395 1097 3497 quadragesi,-

58 3504 163 3564 mam,
177 3486 322 3572 quamvis
338 3509 402 3551 non
421 3487 496 3551 totis
518 3485 729 3571 quadraginta
747 3484 860 3548 diebus
881 3504 992 3546 omnes
1009 3479 1098 3569 Jeju-

61 3582 186 3634 narent.
231 3571 376 3658 Ejusque
390 3571 536 3636 vocabuli
552 3570 651 3635 varias
667 3593 686 3635 a
699 3571 791 3636 variis
805 3591 915 3634 causas
929 3567 1033 3641 afferri
1046 3565 1099 3641 di-

59 3653 119 3720 cit.
170 3656 258 3720 Mihi
287 3657 419 3743 quidem
446 3656 693 3743 quadragesima
720 3656 805 3720 dicta
833 3654 957 3727 videtur
981 3651 1104 3728 eodem

61 3738 174 3819 modo,
191 3764 256 3827 quo
273 3742 540 3828 quinquagesima
553 3764 625 3829 quae
640 3755 690 3805 est
705 3753 777 3827 post
792 3741 921 3826 pascha.
958 3740 1045 3807 Nam
1060 3749 1100 3811 ut
1194 3794 1197 3807 ,

60 3825 333 3912 quinquagesima
355 3850 411 3892 seu
435 3840 632 3912 pentecoste,
656 3827 783 3912 proprie
807 3826 937 3911 quidem
960 3835 1011 3889 est
1030 3821 1099 3895 dies

61 3909 179 3974 ultima
195 3912 235 3976 de
250 3912 485 3999 quinquaginta
502 3913 564 3977 illis
584 3912 696 3977 diebus
717 3911 865 3998 paschale
881 3911 999 3975 festum
1019 3908 1099 3973 sub-

58 3997 270 4083 sequentibus
281 4023 291 4078 ;
306 4011 413 4063 tamen
426 3998 490 4062 late
505 4012 636 4082 sumpto
648 3997 815 4075 vocabum,
825 3996 985 4061 interdum
998 3993 1099 4079 signi-

63 4080 139 4146 ficat
160 4095 267 4147 totum
289 4083 370 4148 illud
391 4084 530 4169 spatium
550 4082 688 4160 dierum,
700 4082 790 4169 quod
807 4093 860 4145 est
879 4104 898 4145 a
918 4079 1037 4167 pascha
1058 4075 1101 4141 ad

61 4180 296 4252 pentecosten:
319 4182 358 4233 ut
376 4168 462 4255 apud
484 4168 720 4254 Hieronymum
740 4168 772 4232 in
791 4165 927 4251 epistola
946 4164 987 4229 ad
1007 4165 1100 4229 Mar·

61 4251 192 4334 cellon,
211 4255 299 4341 apud
322 4252 512 4329 Cassianum
525 4268 568 4329 ‚et
588 4254 771 4341 complures
793 4254 883 4317 alios.
926 4251 980 4315 Sic
1002 4250 1100 4337 etiam

531 4338 625 4414 oda
