2716 4748
293 261 528 334 ANNOTAT.
542 265 595 359 IN
612 260 849 333 HEGESIPPI
868 262 1041 334 FRAGM.
1118 275 1182 352 205

149 430 292 539 Videtur
309 450 418 538 autem
436 435 656 539 Hegesippus,
669 438 788 505 tribum
803 439 824 503 J
825 435 897 503 udae
904 437 955 537 ‘air
968 435 1019 502 his
1032 434 1183 536 omnibus

147 516 281 588 Judarcr
299 524 413 611 populi
426 540 520 591 sectis
534 547 647 611 puram
662 546 700 589 ac
714 547 847 590 vacuam
864 536 1070 601 existimasse,
1085 537 1132 587 na
1144 534 1185 587 ut
1288 566 1300 581 ,

149 607 262 708 nullus
284 629 304 673 e
327 608 414 675 tribu
434 607 541 691 Judae,
562 612 757 711 Essenorum
778 622 835 675 aut
854 609 1106 673 Sadducaeorum
1127 619 1185 671 aut

150 692 528 880 {turinnes
539 686 1187 877 ,summissum

149 878 291 1017 gruttam
316 865 419 931 tribus
443 862 549 946 Judae,
575 888 615 931 ex
636 890 700 966 qua
727 860 875 931 Christus
900 865 1058 951 originem
1083 864 1187 928 duxit.

185 970 279 1015 mnes
292 950 394 1037 igitur
409 946 480 1016 illas
493 949 652 1017 Judaismr
666 952 813 1032 haereses,
828 952 964 1038 viguisse
978 952 1024 1016 ait
1036 950 1122 1036 apud
1136 971 1188 1013 re-

151 1031 258 1123 liquas
279 1035 394 1101 decem
414 1036 528 1115 tribus,
550 1059 623 1122 quae
644 1038 775 1136 proprio
797 1060 835 1103 ac
857 1036 1010 1124 peculiari
1031 1034 1188 1101 vocabulo

152 1120 256 1185 lsrael
276 1119 474 1202 dicebantur,
495 1135 570 1208 post
586 1120 777 1191 „divrsionem
798 1144 832 1186 re
858 1123 890 1186 ni
910 1122 1099 1188 Judaeorum
1122 1122 1189 1185 Ro·

148 1202 266 1271 boami
288 1204 488 1293 temporibus
509 1207 638 1271 factam.
683 1206 781 1272 Certe
802 1145 903 1271 mirus
924 1206 1018 1273 Judae
1043 1206 1077 1271 in
1099 1206 1190 1271 libris

148 1292 401 1445 prophetarum,
414 1291 555 1359 ecelesiae
571 1314 739 1381 personam
754 1292 903 1369 denotat3
919 1290 1032 1356 decem
1045 1313 1119 1356 vero
1133 1291 1192 1355 tri·

177 1400 217 1443 us
229 1378 409 1447 referuntur
429 1377 469 1443 ad
489 1376 657 1443 haereticos
675 1400 813 1465 quorum
828 1376 967 1441 maxima
980 1391 1030 1441 est
1043 1377 1193 1441 multitu-

153 1462 213 1543 do,
226 1474 266 1529 ut
285 1462 396 1529 scribit
417 1464 638 1551 Hieronymus
657 1464 691 1528 in
711 1475 807 1549 caput
821 1463 843 1527 i.
858 1462 954 1527 Osee.
981 1465 1191 1529 Vntnsrus.

153 1548 197 1623 Ἢ
211 1548 335 1615 addunt
348 1548 443 1615 Mox.
457 1550 548 1615 Med.
561 1548 669 1613 Fater.
685 1548 753 1613 sine
768 1572 874 1628 sensu,
890 1561 923 1612 at
935 1548 968 1611 in
982 1561 1052 1612 tota
1065 1559 1194 1612 senten-

155 1634 204 1701 tia
222 1656 338 1723 parum
359 1634 443 1701 inest
462 1636 605 1700 rationis.
644 1634 793 1701 Valesius
813 1634 988 1720 legendum
1009 1633 1144 1719 putabat
1165 1635 1194 1695 iv

152 1724 221 1797 ‚uicis
240 1722 433 1806 Ἰσραηλιτῶν,
452 1719 540 1807 quod
563 1741 628 1785 non
649 1721 753 1807 probo
764 1744 774 1800 3
798 1722 905 1806 potius
927 1718 1069 1804 legerem
1091 1718 1107 1797 ἢ
1128 1725 1195 1798 τῶν,

154 1812 216 1872 aut
228 1804 246 1885 ἦ
260 1818 347 1871 trans
370 1806 453 1872 osito
467 1810 493 1872 iu
506 1812 540 1893 τῇ
552 1810 690 1895 περιτομῇ
703 1805 719 1885 ’ἦ
733 1808 759 1869 ἐν
773 1810 836 1879 υἱοῖς
849 1808 919 1892 'Iup
934 1810 999 1882 τῶν,
1011 1804 1100 1891 quod
1113 1827 1194 1868 con-

154 1890 287 1957 'firmare
307 1890 336 1955 vi
357 1904 429 1957 etur
449 1890 592 1979 thfinns,
615 1892 660 1957 sic
682 1891 828 1971 reddens,
852 1891 884 1955 in
906 1890 1142 1968 circumcisione,
1160 1887 1195 1954 id

154 1977 217 2057 est,
231 1975 361 2063 infiiiis
375 1975 483 2043 lsrael.
505 1978 676 2043 Sunosu.
718 1977 907 2043 Lectionem
924 1999 994 2041 esse
1014 1975 1194 2055 ferendam,

155 2077 234 2152 'quae
258 2075 387 2150 recepta
409 2074 469 2141 est,
491 2077 583 2163 puto,
606 2062 665 2129 nisi
687 2062 748 2128 -fiat
767 2085 807 2128 ex
829 2062 1118 2147 manuscriptorum
1137 2061 1197 2126 illo

157 2150 256 2229 ἡτῶν,
271 2147 360 2236 quod
378 2147 412 2211 in
429 2147 542 2213 codice
559 2171 688 2249 quoque
703 2147 795 2213 Bodl.
812 2170 869 2213 seu
886 2146 985 2213 Savil.
999 2161 1098 2227 extat,
1112 2155 1198 2233 ῥητῶς

156 2230 338 2320 'manifesta
350 2230 469 2319 palam.
505 2234 827 2323 Hesych1u8,‘Pnrciv.
843 2242 970 2319 φανερῶν.
987 2236 1098 2310 Ῥητῶς.
1114 2251 1199 2312 φανε-

182 2326 224 2399 ”ς,
247 2318 306 2383 ubi
329 2318 498 2405 adscripsit
522 2317 637 2397 editor,
665 2336 676 2381 1
698 2318 780 2383 Tim.
800 2319 841 2384 iv.
867 2335 893 2383 1.
934 2318 1067 2381 Labbaei
1089 2319 1199 2383 Gloss.

166 2404 320 2485 Parnm!
340 2413 414 2469 erte.
451 2404 584 2469 Rufinus
606 2418 695 2469 vetus
718 2405 872 2491 interpres
894 2403 939 2467 sic
961 2402 1065 2483 vertit,
1080 2402 1199 2483 Erunt,

160 2487 278 2578 inquit,
302 2486 427 2559 'inersae
445 2490 608 2555 sentcntiae
629 2490 663 2555 in
681 2488 918 2566 circumcisione,
939 2486 973 2553 id
992 2498 1048 2568 est,
1067 2486 1200 2574 insiliis

157 2572 274 2655 Israel,
296 2594 370 2663 prece
393 2576 530 2641 maxime
553 2575 797 2641 adversabantur
820 2573 916 2640 tribui
941 2572 1047 2654 Jndae,
1071 2597 1111 2638 ex
1158 2596 1201 2657 nu

158 2659 308 2727 'Christus
321 2670 378 2726 est.
400 2662 505 2726 Abest
519 2683 580 2727 vox
593 2662 676 2727 αὗται
691 2675 766 2746 post
778 2664 815 2725 τὲ
828 2664 922 2748 Χριςὲ
936 2684 956 2725 a
969 2660 1045 2725 MS.
1058 2596 1174 2746 Norjii
1191 2707 1200 2725 .

156 2738 330 2825 fCaeterum
349 2746 448 2813 tradit
468 2744 552 2813 Eulo
578 2748 628 2813 ius
647 2747 681 2812 in
696 2745 886 2833 Definitione
899 2744 1044 2811 aduersus
1060 2744 1203 2810 Samari-

163 2842 255 2913 tanus
267 2832 355 2918 apud
372 2832 523 2898 Photium
542 2769 615 2897 dod.
632 2852 770 2898 ccxxx.
786 2854 818 2918 p.
831 2845 900 2897 884.
919 2832 1117 2904 Dositheurn
1132 2832 1202 2896 hae-

163 2917 301 2983 seticum
325 2932 424 3005 gente
445 2918 691 2999 samaritanum,
706 2918 747 2982 de
763 2940 828 3004 quo
851 2918 1057 3005 Hegesippus
1072 2941 1137 3004 quo
1162 2940 1204 2983 ue

159 3000 364 3069 'mentionem
383 3004 468 3069 inter
487 3003 558 3068 lraec
579 3005 760 3091 fragmenta
773 3004 850 3067 facit
865 3004 905 3067 ad
919 3026 993 3102 pag.
1007 3018 1076 3067 200.
1092 3004 1124 3068 in
1138 2940 1205 3070 iJei

161 3088 341 3239 prophetas
355 3089 548 3155 maledicum
561 3089 671 3168 fuisse,
684 3090 822 3153 maxime
833 3111 907 3179 vero
918 3112 950 3153 ιη
961 3088 1091 3167 Judam,
1102 3111 1204 3153 unum

164 3196 206 3239 ex
245 3168 394 3239 undecim
414 3174 613 3274 patriarchis,
632 3172 710 3240 nihil
731 3174 898 3238 reveritum
922 3174 1075 3261 plurimas
1092 3174 1131 3237 de
1146 3173 1204 3239 illo

165 3260 201 3325 in
214 3259 305 3325 libris
321 3260 475 3325 Mosarcis
490 3260 687 3347 conscriptas
707 3260 827 3325 laudes.
859 3258 970 3347 Quod
985 3258 1114 3345 quidem
1129 3280 1206 3345 pro·

159 3344 292 3411 'fectum
306 3344 432 3411 videtur
446 3347 488 3411 ab
501 3348 578 3411 odio
592 3346 626 3411 in
640 3344 759 3411 tribum
773 3344 867 3410 Judae
880 3366 900 3408 a
914 3343 1075 3409 nonnullis
1098 3343 1205 3425 sectis,
1296 3380 1299 3385 ·

161 3430 308 3511 [maxime
329 3430 546 3511 Samaritanis,
563 3443 723 3517 suscepto,
745 3453 882 3517 quorum
905 3432 1043 3517 majores
1066 3430 1207 3516 appellat

160 3514 255 3581 'Ezra
268 3514 368 3580 nones
378 3516 475 3580 Judoe
489 3526 519 3580 et
533 3512 712 3601 Benjamin,
727 3537 797 3602 cap.
809 3516 849 3580 iv.
864 3538 984 3579 comm.
1000 3532 1027 3578 1.
1058 3517 1107 3579 Ex
1120 3515 1208 3581 Juda

161 3604 292 3680 autem,
302 3613 339 3666 ut
351 3623 370 3665 a
393 3601 518 3666 ostolus
529 3602 571 3666 ad
585 3602 743 3666 Hebraeos
758 3600 912 3687 loquitur,
921 3615 1011 3665 ortus
1025 3615 1074 3665 est
1088 3595 1208 3666 Domi·

161 3690 233 3753 'nus
246 3699 356 3752 noster
367 3623 528 3766 dhristus,
538 3686 686 3751 adversus
700 3709 795 3773 quem
811 3688 906 3750 etiam
921 3697 1124 3751 convenerunt
1138 3709 1206 3753 sec·

142 3779 226 3853 '‘tae,
240 3770 516 3860 quemadmodum
534 3772 566 3837 in
580 3774 602 3836 S
628 3793 776 3835 meonem
791 3768 986 3858 discipulum
1001 3772 1070 3859 ejus
1087 3772 1122 3845 ὥς
1142 3770 1209 3837 ὄντα

164 3858 227 3925 ’ἀπὸ
240 3854 333 3923 Aegii
345 3859 394 3921 καὶ
409 3856 567 3945 Χριςιανόν.
596 3796 673 3923 iiid.
690 3856 819 3944 Fragm.
839 3858 946 3922 statim
962 3874 1036 3943 post
1049 3857 1208 3924 additum.

160 3960 166 3971 ’
216 3944 251 4008 Ρ.
268 3960 335 4023 191.
355 3942 378 4007 l.
393 3960 424 4022 9.
452 3946 594 4007 Ἐσσαῖοι·
620 3946 782 4022 Γαλιλαῖοι,
807 3942 881 4029 Sco]
903 3943 966 4007 Hae
990 3956 1066 4008 sunt
1085 3956 1209 4028 septem

159 4027 313 4095 'haereses
336 4028 464 4094 Judaici
490 4026 614 4115 populi,
639 4051 775 4115 quarum
804 4029 984 4128 frequenter
1012 4027 1209 4093 mentionem

159 4114 252 4181 ‘facit
266 4114 485 4214 Hegesippus,
501 4114 592 4179 ut‘in
613 4113 702 4179 libris
723 4114 939 4200 superioribus
954 4112 1101 4179 vidimus.
1144 4112 1227 4198 Sed„

164 4208 208 4267 'et
221 4197 368 4267 Justinus
388 4223 421 4265 tn
442 4198 491 4264 dis
515 4199 658 4265 utatione
678 4198 828 4273 adversus
846 4198 1056 4289 Tryphonem
1073 4195 1211 4263 totidem

160 4284 467 4387 :recensetlhereser
476 4222 679 4369 denorum,
687 4283 745 4355 sed
756 4306 809 4355 eas
820 4284 895 4357 aliis,
903 4284 1086 4353 nominibus
1096 4283 1213 4375 ,appel-
