2716 4748
153 240 162 253 “
255 258 310 331 nt
335 258 572 329 amomum
595 257 894 329 amasinum.
1033 276 1096 353 237

51 431 120 499 Sed
140 432 174 497 in
195 430 309 497 codice
327 432 415 517 Bag.
429 432 521 497 Maz.
536 443 570 497 et
584 430 668 495 Fuk.
684 452 807 497 necnon
825 429 912 517 apud
930 429 1099 518 Nicepho·

51 540 129 586 nam
152 516 274 603 legitur
294 514 449 590 &i'ioabu-
494 516 628 581 Rufinus
643 515 827 581 Theobutam
841 519 945 593 vertit,
960 516 1103 581 nominis

51 598 1103 755 111111111111111111..11111111111

52 769 183 835 sissimo
203 782 312 835 tamen
335 768 446 835 Rufini
467 767 580 832 codice
625 768 659 831 ui
694 769 741 832 uit
763 768 842 831 oiim
856 768 890 830 in
904 767 1102 834 bibliotheca

55 852 242 919 Purisieusis
257 852 416 919 Ecclesiae
431 851 584 916 scribitur
599 788 761 915 i’ltsbutes.
783 852 938 917 Ceterum
952 852 985 916 in
998 852 1103 917 tribus

53 936 226 1003 codicibus
241 938 332 1002 Μαι.
344 935 440 1003 Med.
451 950 486 1007 et
498 936 581 1000 Fuk.
593 936 748 1022 scriptum
764 935 867 999 inveni
881 934 1001 1021 oipxnai
1014 942 1072 1085 ’ἳῖ
1087 940 1103 999 ὃ

54 1018 134 1085 Θὸὅ.
149 1022 361 1089 Venustus.
390 1018 514 1107 ἅρχετοᾳ
527 1024 586 1105 γὰρ
600 1025 615 1082 t
628 1019 756 1093 casseu
771 1020 1012 1085 circumflexum
1067 1020 1103 1086 S.

57 1102 160 1173 Sevi!-
175 1126 234 1169 seu
248 1104 342 1169 Bodl.
361 1106 394 1168 δί
412 1105 482 1169 sine
501 1102 634 1168 elisione
649 1104 780 1188 Mesph.
816 1103 880 1169 Sed
902 1104 1052 1170 scribitur
1069 1103 1105 1169 in

57 1186 137 1253 cod.
150 1188 229 1253 MS.
243 1188 384 1275 Norfole.
400 1186 587 1267 fleuissem,
601 1189 690 1275 quod
705 1188 824 1253 invenit
841 1188 877 1253 in
896 1188 1022 1273 seriptis
1037 1188 1106 1255 sui·

56 1266 205 1371 Rffms
232 1274 289 1359 qui
318 1273 425 1350 vertit,
453 1273 508 1336 sed
537 1272 707 1337 Thesbutes
734 1272 874 1360 quidam.
928 1273 1106 1353 Ceterum,

56 1357 188 1421 euamsi
199 1358 372 1436 Eusebius,
383 1372 423 1422 ut.
436 1378 476 1419 ex
489 1355 564 1420 loco
578 1359 688 1423 statim
703 1370 778 1421 ante
793 1357 880 1421 hune
895 1378 914 1421 a
929 1378 982 1421 me
996 1357 1105 1443 posito

55 1454 240 1527 comparet,
260 1463 309 1506 res
332 1462 430 1507 novas
452 1440 604 1505 molitum
626 1464 697 1507 esse
718 1442 805 1505 hunc
825 1442 1010 1505 Thebutem
1031 1452 1108 1526 post

57 1524 233 1624 symeonis
249 1526 454 1613 martyrium,
471 1524 542 1609 jam
564 1527 702 1624 mortuis
722 1525 889 1623 apostolis,
904 1524 1108 1624 intellexerit,

58 1609 862 1781 ttuutmffituuptuttt{tmuium
881 1611 992 1772 iiiii,
1010 1622 1110 1759 ‘iiii

59 1792 172 1849 tamen
191 1798 299 1843 revera
313 1775 497 1843 ostenditur
517 1776 623 1841 verbis
641 1778 902 1862 Hegesippianis,
916 1792 950 1842 et
971 1799 1046 1842 vero
1063 1778 1110 1842 εἰ·Ι

59 1861 141 1927 mile
156 1860 292 1940 videtur,
306 1862 372 1929 hoc
392 1861 516 1925 facinus
534 1860 643 1943 egisse
657 1862 854 1941 Thebutem,
874 1883 941 1947 quo
961 1874 1111 1947 tempore

60 1948 208 2033 Symeon
223 1946 419 2011 constitutus
433 1958 483 2008 est
497 1964 514 2007 e
538 1944 690 2031 iscopus3
713 1945 754 2009 de
770 1946 865 2045 cujus
880 1946 1111 2032 subrogatione

61 2030 97 2095 in
119 2028 231 2095 locum
249 2030 369 2097 Jacobi
393 2028 517 2095 nonnul
571 2028 672 2095 habet
696 2031 858 2095 Eusebius
880 2031 938 2095 lib.
952 2030 997 2095 iii.
1020 2029 1110 2095 Hist.

59 2136 103 2180 ea
127 2128 206 2183 .11.‚

140 2198 169 2261 ir
182 2196 290 2263 autem
305 2196 348 2259 cl.
364 2196 453 2263 mid.
471 2194 618 2283 Adolph.
632 2199 799 2283 Lampius‚
811 2200 843 2263 in
855 2197 1030 2285 Prolegom.
1045 2198 1112 2263 suis

65 2282 99 2347 in
111 2274 246 2347 Joonm's
266 2281 396 2368 Evaug.
415 2281 471 2343 lib.
485 2281 518 2343 ii.
534 2300 608 2366 cap.
619 2281 654 2345 ii.
672 2284 690 2363 ξ
706 2295 753 2356 17.
768 2304 801 2366 p.
817 2296 883 2346 182.
903 2282 944 2345 de
964 2296 1112 2366 tempore

62 2365 282 2451 corruptionis
304 2364 357 2429 hio
383 2378 573 2443 memoratae
595 2365 687 2430 aliter
711 2367 860 2443 sentiens,
883 2366 1112 2451 Hegesippum

65 2472 124 2535 per
144 2450 421 2536 supplementum,
434 2449 523 2533 quod
545 2470 586 2515 ex
606 2449 676 2513 aliis
697 2449 777 2513 locis
798 2450 887 2527 fecit,
900 2450 993 2514 aliter
1013 2470 1113 2535 expo-

67 2534 210 2606 nendum
224 2546 387 2599 autumat.
426 2534 505 2597 Post
518 2533 614 2597 verba
627 2533 713 2597 enim
728 2533 769 2597 ad
784 2534 839 2597 lin.
855 2548 902 2610 19.
916 2532 944 2596 ‘iv
958 2532 1114 2619 προέθεντο

66 2618 176 2693 πάντες
196 2619 308 2693 ἀνεψιὸν
327 2624 369 2683 τῦ
391 2616 496 2703 Kopion
517 2617 647 2703 δεύτερον,
664 2616 718 2681 hic
736 2617 905 2683 inserenda
922 2630 1026 2703 putat,
1040 2639 1114 2703 quae

68 2701 230 2773 Eusebius
240 2701 298 2765 lib.
308 2698 356 2767 iii.
368 2724 399 2767 c.
408 2716 460 2765 32.
471 2701 635 2779 attulerat,
645 2722 782 2849 quaetssue
796 2701 836 2765 ad
852 2722 928 2787 pag.
943 2715 1010 2779 198.
1025 2723 1046 2765 a
1060 2722 1116 2769 me

68 2787 176 2871 posita
189 2799 276 2862 suut,
293 2785 335 2867 de
359 2787 446 2851 facta
465 2786 637 2871 Symeonis
655 2806 713 2870 per
750 2785 906 2864 aereticos,
921 2786 977 2872 qui
990 2787 1116 2853 Joanns

68 2892 109 2935 ex
122 2871 200 2935 vivis
213 2882 368 2953 exempuo
383 2883 481 2955 caput
495 2869 664 2947 tollebant,
678 2870 882 2935 accusatione
896 2884 930 2935 et
944 2870 1115 2956 supplicio.

69 2952 288 3038 Deinde'post
298 2954 399 3027 verbu
412 2954 454 3018 ad
469 2952 526 3016 lin.
537 2968 587 3017 21.
602 2952 676 3017 οὔπω
689 2958 748 3053 γὰρ
762 2954 834 3035 iuba
869 2979 882 3016 a
896 2958 994 3027 ἀκοαῖς
1006 2955 1115 3037 uarui-

71 3064 125 3116 αις,
141 3037 259 3101 iterum
281 3037 514 3124 subjungenda
533 3039 800 3123 ait,quae1ii.32.
821 2980 868 3103 (ss
882 3052 950 3103 tem
995 3059 1030 3103 re
1048 3060 1116 3125 quo

72 3120 217 3187 haeretici
244 3136 465 3221 uroruperunt
490 3121 666 3199 inlunem,
691 3122 743 3187 bis
769 3122 871 3189 verbis
894 3122 935 3187 ad
959 3123 1004 3186 ita
1028 3136 1117 3201 sunt,

70 3206 484 3367 tffutttiittttts,
557 3207 1119 3375 ittetussttssttifflttltt

72 3374 109 3439 H
190 3375 301 3459 ippum
316 3374 426 3458 ipsum
440 3374 612 3460 pertinere,
626 3396 691 3439 non
705 3374 747 3438 ad
762 3374 951 3455 Eusebium,
963 3388 1001 3439 ut
1013 3375 1119 3461 magis

73 3478 128 3531 res
164 3458 259 3529 abere
272 3457 411 3537 videtur»,
424 3458 596 3522 existimat.
1021 3496 1024 3501 <

119 3542 155 3605 P.
169 3557 238 3619 199.
250 3542 337 3607 l.23.
359 3544 417 3606 ἀπὸ
438 3550 492 3606 τῶν
513 3546 576 3605 isici
596 3539 738 3689 αῐὶἒσεων,
753 3540 788 3603 ὧν
809 3542 857 3603 καὶ
878 3542 959 3615 αὐτὸς
978 3540 1020 3620 ἦν,
1034 3547 1062 3607 ἓν
1079 3549 1125 3629 τῷ

75 3626 153 3711 λαῷ]
173 3625 273 3706 (Edd.
287 3625 325 3689 St
365 3624 396 3689 Ιι.
412 3641 447 3691 et
462 3625 576 3690 Valesii
589 3647 629 3689 ex
653 3626 743 3691 ibent
764 3628 818 3687 ἀπὸ
837 3634 891 3689 τῶν
911 3628 974 3688 §niu
991 3625 1121 3725 sigism

75 3708 124 3789 uis,
138 3711 188 3773 καὶ
200 3712 283 3783 αὐτὸς
296 3709 326 3789 ἦν
370 3731 402 3775 c.
418 3711 475 3774 ubi
489 3710 561 3773 haec
573 3710 735 3790 Valesius)
750 3709 957 3792 Nicephorus
971 3710 1122 3776 ultimam

76 3814 190 3863 vocem
205 3792 266 3877 (tir)
279 3794 435 3879 expunxit
446 3808 600 3879 tanquam
613 3795 817 3879 superfluam.
840 3793 893 3857 Sic
906 3793 992 3856 enim
1005 3793 1120 3860 habet:

75 3879 133 3943 imi
147 3886 202 3942 τῶν
217 3881 281 3941 tntu
294 3878 425 3963 αἱρέσεων
439 3878 461 3964 ’i
477 3879 560 3951 αὐτὸς
571 3875 603 3954 ἦν
618 3881 645 3940 ἰν
657 3882 699 3963 τῷ
710 3884 783 3962 λαῷ.
824 3879 862 3939 In
882 3876 995 3940 codice
1017 3878 1122 3963 Regio

77 3963 235 4047 seriptum
250 3962 355 4026 iuveni
370 3958 408 4025 sis
421 3962 443 4047 t}
458 3964 539 4035 αὐτὸς
553 3959 584 4039 ἦν
597 3965 624 4025 iv
636 3968 677 4046 τῷ
690 3967 763 4047 λαῷ.
799 3961 899 4047 Quod
914 3962 989 4024 ferri
1003 3975 1123 4046 potest,

78 4047 107 4111 si
120 4046 255 4129 tollatur
270 4045 435 4111 distinctio
450 4068 524 4132 quae
540 4047 572 4110 in
588 4047 737 4109 omnibus
751 4046 868 4111 nostris
881 4045 1047 4111 codicibus
1063 4046 1122 4110 ha·

79 4130 188 4207 betur.
225 4134 338 4217 Atque
353 4130 399 4197 ita
415 4152 528 4205 sensus
542 4131 615 4210 erit,
627 4129 769 4217 primum
789 4131 819 4197 T
820 4130 974 4197 hebutem
988 4150 1126 4218 aggres-
