2716 4748
333 581 973 745 -Auuouuulouos

190 845 276 982 vm
310 899 668 988 QUADRATUM
695 905 766 983 ET
791 850 1112 986 smsTmEM,

502 1182 827 1237 «ιι-ῥ’...»-

197 1422 230 1485 Ρ.
245 1433 293 1508 73.
308 1422 329 1485 l.
342 1435 372 1496 7.
393 1427 448 1485 Τοῦ
472 1425 498 1485 δὲ
518 1427 638 1532 euripos
651 1430 724 1504 ἡμῶν
740 1424 813 1506 &c.]
832 1424 986 1488 Praemisit
999 1422 1178 1487 Eusebius:

148 1500 279 1594 Tpaiaui
297 1508 323 1568 δὲ
339 1509 378 1588 ἐφ’
392 1507 462 1581 δ’λοις
477 1508 562 1571 ἔτεσιν
575 1512 718 1586 cinerario
731 1513 820 1594 ἀρχὴν
833 1510 916 1589 μησίν
928 1509 960 1586 ἓξ
974 1508 1059 1572 δέουσι
1074 1508 1178 1590 κρατί·

150 1614 263 1671 σαντος,
275 1590 370 1665 Αἴλιος
384 1594 519 1679 Ἀδριανὸς
533 1593 688 1678 διαδέχεται
706 1597 753 1670 τὴν
771 1593 924 1678 ἡγεμονίαν.
946 1592 1023 1678 σίτῳ
1040 1592 1179 1678 Κοδράσις
1232 1655 1234 1665 ,

149 1677 238 1760 λόγον
251 1678 453 1763 προσφωνήσας
472 1679 641 1756 ἀναδίδωσιν,
655 1683 741 1740 innota
766 1679 808 1741 ίαν
824 1677 961 1755 συντάξας
975 1679 1038 1760 ὑπὲρ
1052 1683 1099 1754 τῆς
1113 1679 1178 1740 καθ’

150 1765 225 1844 ἡμᾶς
238 1761 403 1835 δεσσεὸείας·
426 1762 465 1825 ὅτι
481 1765 510 1840 δή
524 1790 591 1836 τινες
605 1764 716 1848 πονηροί
731 1765 821 1848 ανδρες
834 1763 894 1837 τοὺς
905 1762 1045 1846 ἡμετέρους
1056 1765 1179 1847 ἐνοχλεῖν

152 1843 302 1932 ἐπειρῶντο.
325 1849 407 1909 εἰσέτι
426 1849 452 1909 δὲ
472 1847 579 1934 pigisse
591 1853 675 1933 παρὰ
689 1848 815 1921 musis-ors
829 1855 882 1910 τῶν
896 1851 1030 1930 ἀδελφῶν,
1044 1852 1118 1934 ὄντας
1131 1848 1190 1910 καὶ,

152 1934 225 2018 παρ’
238 1937 300 2013 ἡμῖν
313 1934 344 1994 τὸ
360 1932 537 2016 σίγίραμμα·
561 1937 591 2011 ἐξ
611 1933 641 1996 ol
659 1936 776 1996 κατιδεῖν
788 1938 828 2006 ἐςι
843 1938 960 2020 λαμπραὶ
974 1932 1182 2017 τεκμήρια,’τῆς

153 2043 184 2079 τι
204 2025 254 2080 τοῦ
276 2019 367 2104 ἀνδρὸς
390 2018 517 2096 διανοίας,
532 2020 578 2080 καί
597 2023 644 2094 τῆς
663 2022 855 2093 ἀνιοςολικῆςί
892 2017 1014 2099 οτιμίας,
1036 2019 1084 2078 ὁδ’
1100 2020 1182 2091 αὐτὸς

153 2106 200 2180 τὴν
215 2100 390 2186 καθ’,ἒαιισδν
411 2102 588 2191 ἀρχαιότητα
608 2102 787 2186 παρασαίνει,
801 2105 832 2165 δι’
845 2129 880 2165 ou
898 2107 981 2187 ίςοριῖ
995 2108 1087 2165 ταῦτα
1103 2101 1181 2176 ἰδίαις

155 2191 261 2269 φαναῖς·
283 2192 367 2251 Tou
378 2188 406 2251 u
419 2187 545 2272 Συτῆρις
559 2195 633 2270 ἡμῶν
649 2189 707 2251 &o
741 2189 818 2250 Cum
834 2188 987 2272 Trajanus
998 2202 1055 2271 per
1068 2186 1099 2249 oi
1123 2187 1182 2250 inti

155 2293 251 2348 annos
274 2271 407 2358 demptis
426 2294 480 2337 seu
501 2273 653 2337 mensibus
669 2272 880 2356 principatum
901 2272 1057 2349 tenuisset,
1121 2271 1182 2336 lius

158 2356 342 2428 Hadrianus
354 2357 487 2442 suscepit
501 2358 673 2442 imperium.
697 2356 782 2420 Huic
798 2357 976 2441 Quadratus
990 2355 1100 2419 altulit
1113 2379 1183 2420 oro·

158 2442 280 2527 tionem,
296 2464 390 2528 quam
407 2456 463 2526 pro
484 2442 657 2526 defensioue
674 2442 833 2539 religionis
853 2452 968 2505 nostrae
987 2440 1096 2504 idcirco
1112 2463 1183 2504 con-

159 2528 332 2612 scripserat,
353 2527 581 2614 quodquidam
602 2526 744 2591 malevoli
768 2526 910 2605 luminu,
932 2548 1043 2589 venare
1064 2537 1183 2590 nostros

159 2624 251 2700 utque
265 2613 410 2676 incessere
422 2612 623 2676 conalantun
652 2613 755 2676 Extat
770 2611 915 2697 hodieque
928 2612 1012 2694 apud
1020 2610 1184 2696 plerosque

157 2719 192 2762 eu
200 2696 368 2795 fratrilus
388 2697 454 2760 lsaec
469 2697 578 2775 oratio,
594 2720 686 2783 quam
701 2720 754 2760 nos
768 2697 863 2760 etiam
879 2696 1044 2759 labemus:
1068 2720 1106 2760 etc
1121 2719 1185 2783 qua

157 2793 184 2846 et
200 2783 362 2869 ingenium
376 2783 441 2866 ejus
454 2781 525 2859 uiri,
540 2791 570 2845 et
583 2793 699 2845 rectam
714 2781 902 2865 Apostolicae
911 2779 994 2865 fidei
1013 2780 1185 2845 doctrinam

151 2867 314 2952 perspicue
331 2861 401 2930 licet
415 2889 600 2952 cognoscere.
639 2869 734 2930 Porro
751 2867 830 2930 idem
844 2867 974 2949 scriptor
987 2889 1075 2929 suam
1089 2865 1187 2950 ipsius

153 2951 380 3038 antiquitatem
391 2953 467 3014 satis
481 2950 618 3014 declarat
634 2951 681 3015 lis
694 2951 801 3014 cerlis.
837 2951 1111 3036 SERVATORIS
1126 2973 1183 3015 au-

152 3047 235 3115 tem,
251 3036 364 3122 inquit,
382 3037 440 3100 &o

199 3118 286 3186 Ibid.
309 3124 350 3183 ἀεὶ
360 3123 464 3208 παρῆν]
476 3122 620 3206 Opponit
632 3121 676 3184 vir
687 3133 812 3184 sanctus
825 3121 998 3184 beatissimi
1012 3120 1189 3184 Servatorie

150 3225 176 3271 ο
222 3229 258 3270 ra
279 3206 402 3269 technis
421 3207 558 3270 evanidis
579 3221 675 3290 atque
693 3206 805 3269 oculos
821 3218 1034 3289 spectatorum
1050 3205 1186 3268 illuden-

150 3293 183 3367 ti
207 3313 258 3356 us.
280 3293 355 3377 Quo
370 3291 506 3376 pertinet
519 3292 630 3354 Irenaei
644 3292 734 3354 locus
749 3291 781 3352 in
793 3290 848 3353 lib.
859 3291 891 3353 ii.
906 3292 1020 3354 Contra
1033 3290 1187 3369 Haereses‚

152 3398 187 3440 c.
199 3391 252 3440 32‘.
265 3398 298 3460 p.
312 3383 377 3446 165.
390 3376 440 3438 ed.
452 3376 747 3439 Massueti.-·—ad
758 3392 847 3460 opera
857 3375 1000 3459 producti
1014 3376 1070 3457 (ait
1081 3375 1134 3438 ille
1146 3373 1187 3438 de

156 3461 303 3525 Simonis
323 3459 587 3546 Carpocratisque
608 3461 825 3540 sectatoribus)
847 3475 920 3546 quae·
938 3459 993 3522 ille
1009 3461 1126 3542 (lesus)
1147 3459 1190 3522 ad

157 3544 334 3608 utilitatem
355 3542 510 3608 lominum
528 3557 558 3608 et
566 3544 759 3692 lfirmitatem
770 3544 866 3629 fecit,
885 3544 967 3608 ntttt
987 3544 1050 3607 tale
1071 3567 1124 3607 nec
1145 3543 1189 3607 si·

159 3630 248 3708 mile,
261 3652 360 3715 neque
370 3630 563 3693 secunduma
580 3629 667 3714 iquid
681 3630 713 3693 in
726 3631 979 3714 comparationem
1015 3629 1075 3691 uod
1088 3629 1191 3694 uenire
1295 3673 1299 3682 ·

161 3714 269 3798 possit,
281 3713 423 3800 perficere
443 3715 649 3778 inueniuntur.
686 3714 746 3778 Sed
758 3726 788 3778 et
804 3715 829 3778 si
847 3714 970 3800 aliquid
979 3652 1121 3799 anciunt,
1133 3730 1190 3799 per

166 3799 330 3887 magicam,
347 3800 599 3885 quemadmodum
614 3797 759 3877 discimus
775 3800 908 3883 operati‚'
907 3798 1131 3884 fraudulenter
1144 3822 1190 3864 se-

169 3883 273 3948 ducere
294 3884 438 3967 nituntur
457 3887 624 3948 insensatos
633 3909 645 3961 ‚-
656 3883 803 3970 fructum
825 3886 948 3970 quidem
969 3895 998 3948 et
1019 3883 1191 3948 utilitatem

170 3964 288 4032 nullam
305 3979 502 4052 praestantes,
519 3969 551 4032 in
567 3990 641 4066 quos
655 3969 784 4032 virtutes
800 3970 944 4055 perficere
956 3992 987 4034 se
1001 3969 1117 4047 dicunt,
1132 3970 1189 4033 ad·

171 4053 309 4118 ducentes
322 4064 425 4118 autem
438 4069 552 4204 pueros
565 4064 693 4118 ruuestes
709 4054 817 4136 (idest
832 4056 1023 4140 impuberes,
1039 4055 1083 4117 ait
1099 4055 1205 4117 Mas*

172 4140 304 4225 suetus),
327 4149 357 4205 et
382 4161 436 4208 ocu
451 4162 482 4217 os
507 4137 683 4206 deludentes
707 4151 738 4206 et
762 4140 983 4229 phantasmata
1005 4138 1192 4206 ostendentes
