2716 4748
284 284 337 351 ns
357 283 627 351 Amsrousn
651 284 894 353 ramnum
1065 304 1104 373 97

66 452 149 519 sebii
163 453 275 519 stilum
290 472 421 539 prorsus
437 454 605 533 redolent3
627 466 661 519 et
674 456 784 519 Aristo
810 454 943 519 Pellaeus
962 455 1106 521 obsidio-

68 558 145 601 nem
166 537 255 603 illum
276 538 440 603 Bettharae
460 553 494 603 et
513 540 783 638 expugnationem
797 540 987 604 Judaeorum
1005 540 1107 606 fusius

66 638 259 708 prosecutus
273 623 388 687 fuerat.
431 624 532 710 Quod
553 626 580 687 si
600 647 670 710 ipsa
689 639 797 689 essent
818 624 978 688 Aristonis
1000 627 1105 703 verba,

67 728 274 793 nequaquam
301 707 334 772 id
358 709 511 772 tacuisset
539 710 707 772 Eusebius.
750 710 838 773 Nam
861 709 988 794 quoties
1012 712 1108 773 verba

68 789 140 876 ipss
152 807 323 857 auctorum
344 793 541 857 adducturus
556 808 615 871 est,
632 815 758 879 semper
772 794 813 857 de
827 816 866 856 eo
880 794 1034 857 lectorem
1050 794 1108 858 ad·

67 887 190 940 monet.
237 877 323 941 Cum
344 892 453 941 autem
476 877 566 941 addit
588 882 670 962 ῖςορεῖ
690 878 737 941 vel
758 884 886 962 ἱςοροῦσι,
902 877 1022 941 indicat
1035 900 1108 943 eam

68 980 137 1023 rem
158 983 179 1023 a
198 962 408 1046 scriptoribus
423 961 485 1025 illis
499 984 580 1047 quos
595 962 716 1039 laudat,
734 962 835 1025 fusius
850 965 1108 1028 commemorari.

69 1044 169 1109 Porro
184 1045 238 1109 hic
252 1046 363 1109 Aristo
379 1046 514 1109 Pellaeus
529 1059 641 1110 auctor
654 1068 723 1109 esse
740 1046 858 1110 dicitur
879 1046 979 1109 libelli
997 1048 1049 1131 cuj
1056 1070 1108 1110 us-

69 1128 158 1207 dam,
172 1131 226 1193 cui
245 1130 358 1194 titulus
377 1143 456 1207 erat,
470 1130 645 1214 disputatio
665 1133 793 1194 Jasonis
811 1145 844 1193 et
863 1131 997 1214 Papisci.
1035 1134 1110 1195 Vn·

71 1233 222 1277 cassus.
267 1214 401 1278 Perinde
447 1215 515 1277 uasi
540 1216 684 1278 crederet
707 1215 855 1278 Valesius
880 1215 1042 1313 designari
1067 1217 1109 1281 ab

69 1298 214 1363 Eusebio
235 1298 322 1363 aliud
344 1237 508 1385 quoddam
526 1299 688 1363 Aristonis
710 1321 804 1383 opus,
820 1300 896 1362 huic
912 1301 1056 1383 opmioni
1075 1323 1110 1365 se

70 1402 90 1444 o
112 1383 209 1466 ponit
227 1382 379 1460 Grabius,
393 1383 434 1446 ad
458 1404 533 1468 pag.
552 1398 620 1446 131.
639 1398 719 1447 tom.
735 1384 768 1447 ii.
791 1383 962 1470 Spicilegii,
984 1385 1111 1449 etiamsi

101 1468 173 1530 avio
185 1467 371 1551 approbatae
377 1491 388 1544 ;
403 1468 448 1531 ait
463 1469 560 1545 enim,
573 1474 595 1506 “
605 1468 738 1531 omnino
750 1468 919 1531 verisimile
932 1489 1012 1543 esse,
1023 1470 1111 1567 quod

71 1550 220 1615 “Aristo
241 1551 346 1630 verba,
369 1574 442 1637 quae
463 1552 508 1615 ibi
530 1553 688 1615 Eusebius
710 1552 818 1628 habet,
840 1553 872 1615 in
894 1553 1111 1636 disputatrone

71 1641 93 1673 “
106 1648 223 1700 contra
241 1636 408 1720 Papiscum
427 1637 607 1721 protulerit,
622 1636 753 1721 perinde
768 1658 806 1699 ac
821 1637 1036 1702 Tertullianus
1058 1660 1112 1703 ea-

68 1725 94 1781 .“
108 1717 185 1793 dem
199 1719 324 1807 Judaeis.
338 1721 372 1785 in
389 1742 449 1785 suo
470 1735 582 1784 contra
596 1742 652 1783 eos
669 1734 809 1785 tractatu
827 1721 980 1807 objecit,”
999 1727 1111 1809 (prop-

65 1816 120 1879 ter
135 1803 284 1869 vaticinia
297 1805 529 1892 prophetarum
545 1819 660 1870 eventu
674 1806 907 1890 comprobata)
928 1813 950 1844 “
957 1821 1015 1871 aut
1029 1808 1112 1873 forte

71 1895 92 1927 “
105 1886 162 1952 hic
175 1889 385 1967 Aristionem,
399 1891 494 1953 sicuti
509 1892 612 1954 fucere
626 1890 719 1968 solet,
733 1891 933 1976 exscripsit.”
967 1892 1112 1957 Pristinae

70 1994 169 2058 porro
183 1973 328 2060 opinioni
343 1996 410 2039 suae
424 1975 575 2039 nuntium
590 1975 750 2039 remisisse
764 1976 832 2060 ipse
848 1975 965 2038 Cavius
977 1976 1112 2056 videtur,

71 2057 139 2143 qui,
155 2069 192 2122 ut
211 2080 252 2121 ex
266 2058 438 2122 collatione
451 2060 564 2145 primae
579 2059 728 2123 editionis
744 2059 832 2123 Hist.
849 2059 1019 2123 Literariae
1032 2062 1114 2126 mihi

70 2155 213 2231 constat,
223 2142 401 2227 capitulum
419 2142 459 2206 de
471 2144 619 2207 Aristone
634 2158 746 2228 postea
761 2145 895 2209 refinxit.
925 2146 1048 2209 Verum
1063 2160 1114 2211 ta-

70 2248 161 2304 men,
171 2227 199 2290 si
213 2227 349 2292 idoneus
360 2242 474 2292 auctor
487 2242 583 2306 esset,
596 2241 630 2292 et
642 2228 694 2293 cui
710 2241 781 2292 tuto
797 2229 990 2308 crederetur,
1000 2231 1114 2294 Moses

72 2310 292 2375 Chorenensis
314 2310 469 2376 Historiae
490 2312 690 2385 Armeniacae
715 2315 862 2397 scriptor,
884 2336 958 2397 quae
980 2314 1113 2398 quidem

70 2394 208 2461 historia
216 2418 237 2459 a
247 2396 376 2461 duobus
385 2396 582 2475 Whistonis,
591 2397 725 2460 celebris
737 2397 822 2460 illius
832 2397 989 2461 Gulielmi
1000 2399 1113 2463 Whis-

70 2481 142 2545 toni
167 2480 252 2561 liliis,
276 2480 360 2545 edita
386 2494 446 2559 est,
469 2504 517 2545 res
540 2483 633 2545 aliter
655 2503 689 2544 se
711 2482 829 2545 habere
850 2479 1019 2546 videretur.
1064 2486 1116 2549 lta

69 2565 155 2629 enim
180 2564 429 2630 existimandum
449 2566 543 2643 fore-t,
557 2566 742 2630 Aristonem
767 2565 933 2629 historiam
955 2566 1115 2651 quandam

70 2649 311 2735 conscripsisse,
325 2672 364 2713 ex
380 2672 443 2734 qua
457 2672 515 2715 sua
528 2673 599 2714 sum
624 2650 716 2714 sisset
729 2651 898 2713 Eusebius.
942 2653 1025 2797 &uae
1041 2675 1115 2717 vero

71 2734 201 2820 scripsit
221 2735 327 2818 capite
346 2746 397 2809 57.
418 2735 475 2797 lib.
500 2672 632 2799 secundi
655 2737 780 2812 Moses,
802 2748 899 2819 prout
923 2757 943 2797 a
985 2736 1117 2801 editori-

71 2816 133 2883 bus
159 2840 202 2882 ex
225 2819 418 2883 Armeniaca
442 2820 555 2904 lingua
581 2841 670 2883 versa
693 2833 779 2896 suut,
799 2841 838 2881 ea
859 2840 924 2881 una
948 2840 1022 2883 cmn
1044 2834 1117 2885 tota

71 2903 178 2988 capite
200 2902 383 2967 Eusebiano
406 2902 471 2967 huc
495 2904 712 2969 transferenda
730 2904 818 2978 duxi,
834 2916 870 2967 ut
884 2903 967 2968 inter
982 2926 1016 2967 se
1029 2920 1116 2969 uter-

70 3008 136 3073 que
150 2988 245 3050 locus
258 2988 452 3051 conferatur.
497 2989 550 3051 Sic
565 2990 652 3052 enim
667 2990 781 3057 Moses
797 2988 1035 3053 Chorenensis:

111 3071 245 3137 Artasis
262 3072 360 3156 (regis
373 3072 569 3154 Armeniaci)
588 3084 717 3135 mortem
730 3071 883 3155 praeclare
897 3072 996 3136 tradit
1008 3073 1116 3137 Aristo

69 3155 225 3220 Pellaeas.
270 3155 430 3241 Siquidem
442 3171 500 3240 per
514 3180 551 3220 ea
564 3168 703 3240 tempora
715 3157 823 3219 Jadaei
837 3156 875 3219 al
887 3156 1028 3219 Adriano
1044 3181 1117 3243 rege

70 3240 213 3305 Romano
236 3240 424 3325 defecerant,
446 3252 476 3303 et
499 3263 568 3303 curn
590 3241 674 3325 Raso
697 3240 877 3324 Hipparcho
901 3240 1116 3322 conflixerant,

70 3325 171 3389 ductu
185 3324 247 3388 viri
261 3325 425 3408 cujusdam
446 3324 588 3401 latroniS,
603 3327 653 3388 cai
667 3348 775 3389 nornen
791 3336 858 3387 erat
875 3325 1116 3404 Barcltocltelras,

71 3408 180 3485 idest,
198 3406 424 3493 Stelloefilins,
441 3410 495 3495 qai
514 3410 639 3495 quidem
659 3406 701 3473 re¹
713 3420 779 3473 erat
794 3408 993 3506 facinorosas
1013 3423 1041 3495 st
1063 3412 1117 3473 lto-

71 3494 204 3569 micida,
227 3493 282 3557 sed
302 3491 425 3557 nornine
447 3516 499 3557 ,rna
523 3494 675 3579 glorians,
695 3492 819 3577 ‹fflictss
846 3492 912 3557 illis
934 3506 965 3558 et
987 3497 1117 3579 captivis

73 3578 273 3642 Servatorem
287 3600 320 3661 sa
331 3577 369 3643 de
383 3576 457 3640 craia
470 3578 631 3662 delapsam
646 3600 709 3662 esse
718 3578 924 3662 praedicalat.
955 3581 988 3642 Is
1003 3579 1117 3643 bellum

66 3662 150 3741 ,adeo
170 3662 321 3739 scandit,
333 3673 370 3725 at
392 3661 507 3749 Syriae„
517 3685 553 3726 ac
575 3662 814 3746 Mesopotamia
827 3662 937 3727 incolae
950 3666 1119 3751 Perseaque

73 3769 191 3824 omnes,
206 3746 241 3811 id
253 3745 460 3829 respicientes,
477 3746 595 3812 tributa
609 3746 724 3811 solvere
738 3747 929 3811 desisterent.
973 3748 1119 3835 Narnqas

75 3831 241 3895 audiverat
271 3831 369 3895 etiam
390 3830 495 3914 -leprae
521 3831 662 3895 mortam
695 3832 728 3895 in
754 3831 931 3895 Adriaaarn
960 3833 1116 3917 invasisse.

76 3915 193 3980 Noster
205 3910 311 3979 autern
324 3916 455 3979 Artases
473 3931 563 3999 saper
577 3938 615 3981 ea
628 3936 662 3979 re
675 3914 724 3980 nil
736 3927 886 3980 rnovetnr.
920 3916 1044 3983 Accidit
1061 3940 1117 3983 au-

79 4010 151 4077 tem,
164 4010 202 4063 at
221 4015 277 4085 per
293 3998 326 4062 id
340 4010 459 4084 ternpus
476 4001 637 4065 Adrianus
652 4001 687 4063 in
702 3998 911 4065 Palaestinam
926 4001 1054 4081 veniret,
1067 4027 1117 4066 ra·

78 4083 157 4148 delle
189 4108 244 4162 ,aa
253 4083 285 4147 in
291 4099 393 4169 parvo
402 4084 512 4233 (gitis
522 4082 981 4170 propeHierosaiyrnaolrsessos
993 4086 1117 4165 deleret,

77 4170 134 4259 qai
154 4172 168 4245 “,
198 4170 404 4233 aomnemJu
457 4192 543 4241 ortrm
554 4171 826 4257 gentemapatrio
841 4169 1009 4253 solojassit
1023 4170 1099 4254 pelli
1107 4200 1119 4255 ,-

122 4274 212 4319 voa.
230 4274 255 4317 1.
601 4276 626 4321 Η
