<?xml version="1.0" encoding="UTF-8"?>
<!DOCTYPE html PUBLIC "-//W3C//DTD XHTML 1.0 Transitional//EN"
    "http://www.w3.org/TR/xhtml1/DTD/xhtml1-transitional.dtd">
<html xmlns="http://www.w3.org/1999/xhtml" xml:lang="en" lang="en">
 <head>
  <title>
</title>
<meta http-equiv="Content-Type" content="text/html;charset=utf-8" />
  <meta name='ocr-system' content='tesseract 3.04.00' />
  <meta name='ocr-capabilities' content='ocr_page ocr_carea ocr_par ocr_line ocrx_word'/>
</head>
<body>
  <div class='ocr_page' id='page_1' title='image "./reliquiaesacrae00routgoog_0262.png"; bbox 0 0 2716 4748; ppageno 0'>
   <div class='ocr_carea' id='block_1_1' title="bbox 272 278 979 393">
    <p class='ocr_par' dir='ltr' id='par_1_1' title="bbox 272 278 979 393">
     <span class='ocr_line' id='line_1_1' title="bbox 272 278 979 393; baseline -0.006 -43"><span class='ocrx_word' id='word_1_1' title='bbox 272 300 348 393; x_wconf 38' lang='lat' dir='ltr'><strong>-aaa</strong></span> <span class='ocrx_word' id='word_1_2' title='bbox 619 278 979 347; x_wconf 77' lang='lat' dir='ltr'><strong>aNNOTATIoNas</strong></span> 
     </span>
    </p>
   </div>
   <div class='ocr_carea' id='block_1_2' title="bbox 272 448 1317 4292">
    <p class='ocr_par' dir='ltr' id='par_1_2' title="bbox 272 448 1317 4292">
     <span class='ocr_line' id='line_1_2' title="bbox 285 448 1315 537; baseline 0.006 -22"><span class='ocrx_word' id='word_1_3' title='bbox 285 452 413 515; x_wconf 85' lang='lat' dir='ltr'><strong>Esaiam</strong></span> <span class='ocrx_word' id='word_1_4' title='bbox 428 463 562 529; x_wconf 70' lang='lat' dir='ltr'><strong>exuare,</strong></span> <span class='ocrx_word' id='word_1_5' title='bbox 577 448 634 514; x_wconf 89' lang='lat' dir='ltr'><strong>sed</strong></span> <span class='ocrx_word' id='word_1_6' title='bbox 650 448 683 514; x_wconf 92' lang='lat' dir='ltr'><strong>in</strong></span> <span class='ocrx_word' id='word_1_7' title='bbox 703 449 760 515; x_wconf 91' lang='lat' dir='ltr'><strong>lib.</strong></span> <span class='ocrx_word' id='word_1_8' title='bbox 775 449 830 536; x_wconf 92' lang='lat' dir='ltr'><strong>qui</strong></span> <span class='ocrx_word' id='word_1_9' title='bbox 852 450 1033 515; x_wconf 86' lang='lat' dir='ltr'><strong>inscribitur</strong></span> <span class='ocrx_word' id='word_1_10' title='bbox 1048 449 1209 537; x_wconf 73' lang='lat' dir='ltr'><strong>Sapientia</strong></span> <span class='ocrx_word' id='word_1_11' title='bbox 1221 453 1315 521; x_wconf 85' lang='lat' dir='ltr'><strong>Salo·</strong></span> 
     </span>
     <span class='ocr_line' id='line_1_3' title="bbox 285 535 1313 627; baseline 0.007 -28"><span class='ocrx_word' id='word_1_12' title='bbox 285 535 389 599; x_wconf 90' lang='lat' dir='ltr'><strong>monis</strong></span> <span class='ocrx_word' id='word_1_13' title='bbox 403 558 473 622; x_wconf 89' lang='lat' dir='ltr'><strong>cap.</strong></span> <span class='ocrx_word' id='word_1_14' title='bbox 487 536 519 600; x_wconf 91' lang='lat' dir='ltr'><strong>ii.</strong></span> <span class='ocrx_word' id='word_1_15' title='bbox 556 536 621 600; x_wconf 89' lang='lat' dir='ltr'><strong>Sed</strong></span> <span class='ocrx_word' id='word_1_16' title='bbox 635 535 756 600; x_wconf 85' lang='lat' dir='ltr'><strong>fallitur</strong></span> <span class='ocrx_word' id='word_1_17' title='bbox 768 537 904 619; x_wconf 88' lang='lat' dir='ltr'><strong>ipsemet</strong></span> <span class='ocrx_word' id='word_1_18' title='bbox 924 536 1007 601; x_wconf 88' lang='lat' dir='ltr'><strong>Scali</strong></span> <span class='ocrx_word' id='word_1_19' title='bbox 1053 559 1068 601; x_wconf 91' lang='lat' dir='ltr'><strong>r</strong></span> <span class='ocrx_word' id='word_1_20' title='bbox 1104 536 1138 601; x_wconf 91' lang='lat' dir='ltr'><strong>ui</strong></span> <span class='ocrx_word' id='word_1_21' title='bbox 1154 538 1313 627; x_wconf 81' lang='lat' dir='ltr'><strong>Hegeaip·</strong></span> 
     </span>
     <span class='ocr_line' id='line_1_4' title="bbox 283 557 1314 721; baseline 0.006 -36"><span class='ocrx_word' id='word_1_22' title='bbox 283 642 361 721; x_wconf 89' lang='lat' dir='ltr'><strong>pum</strong></span> <span class='ocrx_word' id='word_1_23' title='bbox 382 635 501 686; x_wconf 90' lang='lat' dir='ltr'><strong>temere</strong></span> <span class='ocrx_word' id='word_1_24' title='bbox 523 620 736 707; x_wconf 82' lang='lat' dir='ltr'><strong>reprehendit.</strong></span> <span class='ocrx_word' id='word_1_25' title='bbox 781 622 899 686; x_wconf 84' lang='lat' dir='ltr'><strong>Revera</strong></span> <span class='ocrx_word' id='word_1_26' title='bbox 914 622 998 685; x_wconf 94' lang='lat' dir='ltr'><strong>enim</strong></span> <span class='ocrx_word' id='word_1_27' title='bbox 1008 557 1069 686; x_wconf 59' lang='lat' dir='ltr'><strong>hic</strong></span> <span class='ocrx_word' id='word_1_28' title='bbox 1082 559 1177 689; x_wconf 71' lang='lat' dir='ltr'><strong>locus</strong></span> <span class='ocrx_word' id='word_1_29' title='bbox 1195 621 1314 713; x_wconf 85' lang='lat' dir='ltr'><strong>legitur</strong></span> 
     </span>
     <span class='ocr_line' id='line_1_5' title="bbox 283 705 1311 795; baseline 0.004 -25"><span class='ocrx_word' id='word_1_30' title='bbox 283 729 316 770; x_wconf 87' lang='grc'><strong>111</strong></span> <span class='ocrx_word' id='word_1_31' title='bbox 331 708 425 771; x_wconf 76' lang='lat' dir='ltr'><strong>Esaia</strong></span> <span class='ocrx_word' id='word_1_32' title='bbox 439 729 508 793; x_wconf 89' lang='lat' dir='ltr'><strong>cap.</strong></span> <span class='ocrx_word' id='word_1_33' title='bbox 523 707 567 771; x_wconf 87' lang='lat' dir='ltr'><strong>iii.</strong></span> <span class='ocrx_word' id='word_1_34' title='bbox 582 707 704 787; x_wconf 77' lang='grc' dir='ltr'><strong><em>δήσωμεν</em></strong></span> <span class='ocrx_word' id='word_1_35' title='bbox 717 707 762 769; x_wconf 77' lang='grc' dir='ltr'><strong>τὸν</strong></span> <span class='ocrx_word' id='word_1_36' title='bbox 777 706 888 785; x_wconf 72' lang='grc' dir='ltr'><strong>δίκαιον,</strong></span> <span class='ocrx_word' id='word_1_37' title='bbox 905 705 944 770; x_wconf 72' lang='lat' dir='ltr'><strong>in</strong></span> <span class='ocrx_word' id='word_1_38' title='bbox 958 707 1094 795; x_wconf 67' lang='grc' dir='ltr'><strong><em>δυ’χςηςος</em></strong></span> <span class='ocrx_word' id='word_1_39' title='bbox 1107 712 1171 790; x_wconf 70' lang='grc' dir='ltr'><strong>ἡμῖν</strong></span> <span class='ocrx_word' id='word_1_40' title='bbox 1184 709 1237 782; x_wconf 78' lang='lat' dir='ltr'><strong>i5l·</strong></span> <span class='ocrx_word' id='word_1_41' title='bbox 1256 710 1311 774; x_wconf 77' lang='lat' dir='ltr'><strong>roi·-</strong></span> 
     </span>
     <span class='ocr_line' id='line_1_6' title="bbox 282 790 1314 883; baseline 0.004 -28"><span class='ocrx_word' id='word_1_42' title='bbox 282 817 326 855; x_wconf 79' lang='grc' dir='ltr'><strong>νυν</strong></span> <span class='ocrx_word' id='word_1_43' title='bbox 339 793 378 854; x_wconf 69' lang='grc' dir='ltr'><strong>τὰ</strong></span> <span class='ocrx_word' id='word_1_44' title='bbox 391 794 549 878; x_wconf 75' lang='grc' dir='ltr'><em>γεννήματα</em></span> <span class='ocrx_word' id='word_1_45' title='bbox 563 796 617 855; x_wconf 74' lang='grc' dir='ltr'><strong>τῶν</strong></span> <span class='ocrx_word' id='word_1_46' title='bbox 632 790 718 876; x_wconf 79' lang='grc' dir='ltr'><strong><em>ἔργων</em></strong></span> <span class='ocrx_word' id='word_1_47' title='bbox 737 794 826 855; x_wconf 77' lang='grc' dir='ltr'><strong><em>αὐτῶν</em></strong></span> <span class='ocrx_word' id='word_1_48' title='bbox 842 793 988 877; x_wconf 61' lang='grc' dir='ltr'><strong>φάγοντω.</strong></span> <span class='ocrx_word' id='word_1_49' title='bbox 1025 795 1076 857; x_wconf 85' lang='lat' dir='ltr'><strong>lta</strong></span> <span class='ocrx_word' id='word_1_50' title='bbox 1090 793 1221 878; x_wconf 80' lang='lat' dir='ltr'><strong>quidem</strong></span> <span class='ocrx_word' id='word_1_51' title='bbox 1236 792 1314 883; x_wconf 77' lang='lat' dir='ltr'><strong>legi·</strong></span> 
     </span>
     <span class='ocr_line' id='line_1_7' title="bbox 282 877 1313 966; baseline 0.005 -26"><span class='ocrx_word' id='word_1_52' title='bbox 282 889 336 941; x_wconf 87' lang='lat' dir='ltr'><strong>tur</strong></span> <span class='ocrx_word' id='word_1_53' title='bbox 350 877 381 941; x_wconf 92' lang='lat' dir='ltr'><strong>in</strong></span> <span class='ocrx_word' id='word_1_54' title='bbox 397 877 536 942; x_wconf 91' lang='lat' dir='ltr'><strong>editione</strong></span> <span class='ocrx_word' id='word_1_55' title='bbox 551 880 705 942; x_wconf 87' lang='lat' dir='ltr'><strong>Romana.</strong></span> <span class='ocrx_word' id='word_1_56' title='bbox 742 878 864 941; x_wconf 89' lang='lat' dir='ltr'><strong>Verum</strong></span> <span class='ocrx_word' id='word_1_57' title='bbox 883 877 1028 943; x_wconf 81' lang='lat' dir='ltr'><strong>lustinus</strong></span> <span class='ocrx_word' id='word_1_58' title='bbox 1049 879 1083 942; x_wconf 92' lang='lat' dir='ltr'><strong>in</strong></span> <span class='ocrx_word' id='word_1_59' title='bbox 1104 878 1238 966; x_wconf 80' lang='lat' dir='ltr'><strong>dialogo</strong></span> <span class='ocrx_word' id='word_1_60' title='bbox 1259 880 1313 945; x_wconf 83' lang='lat' dir='ltr'><strong>ad·</strong></span> 
     </span>
     <span class='ocr_line' id='line_1_8' title="bbox 281 962 1312 1051; baseline 0.006 -26"><span class='ocrx_word' id='word_1_61' title='bbox 281 984 389 1027; x_wconf 89' lang='lat' dir='ltr'><strong>versus</strong></span> <span class='ocrx_word' id='word_1_62' title='bbox 400 963 607 1051; x_wconf 88' lang='lat' dir='ltr'><strong>Tryphonem</strong></span> <span class='ocrx_word' id='word_1_63' title='bbox 621 962 738 1027; x_wconf 77' lang='lat' dir='ltr'><strong>diserte</strong></span> <span class='ocrx_word' id='word_1_64' title='bbox 750 975 884 1029; x_wconf 88' lang='lat' dir='ltr'><strong>testatur</strong></span> <span class='ocrx_word' id='word_1_65' title='bbox 896 964 927 1027; x_wconf 90' lang='lat' dir='ltr'><strong>in</strong></span> <span class='ocrx_word' id='word_1_66' title='bbox 940 962 1081 1028; x_wconf 86' lang='lat' dir='ltr'><strong>editione</strong></span> <span class='ocrx_word' id='word_1_67' title='bbox 1093 964 1199 1029; x_wconf 87' lang='lat' dir='ltr'><strong>LXX.</strong></span> <span class='ocrx_word' id='word_1_68' title='bbox 1213 964 1312 1031; x_wconf 90' lang='lat' dir='ltr'><strong>Inter·</strong></span> 
     </span>
     <span class='ocr_line' id='line_1_9' title="bbox 281 1045 1313 1135; baseline 0.004 -23"><span class='ocrx_word' id='word_1_69' title='bbox 281 1061 407 1133; x_wconf 84' lang='lat' dir='ltr'><strong>pretam</strong></span> <span class='ocrx_word' id='word_1_70' title='bbox 427 1049 582 1132; x_wconf 88' lang='lat' dir='ltr'><strong>scriptum</strong></span> <span class='ocrx_word' id='word_1_71' title='bbox 604 1048 701 1112; x_wconf 85' lang='lat' dir='ltr'><strong>fuisse</strong></span> <span class='ocrx_word' id='word_1_72' title='bbox 720 1045 828 1134; x_wconf 76' lang='grc' dir='ltr'>ἄρωμεν</span> <span class='ocrx_word' id='word_1_73' title='bbox 847 1049 894 1111; x_wconf 80' lang='grc' dir='ltr'><strong>τὸν</strong></span> <span class='ocrx_word' id='word_1_74' title='bbox 912 1048 1014 1112; x_wconf 72' lang='grc' dir='ltr'><strong><em>δίκαιον</em></strong></span> <span class='ocrx_word' id='word_1_75' title='bbox 1031 1070 1090 1135; x_wconf 88' lang='lat' dir='ltr'><strong>pro</strong></span> <span class='ocrx_word' id='word_1_76' title='bbox 1105 1071 1173 1135; x_wconf 94' lang='lat' dir='ltr'><strong>quo</strong></span> <span class='ocrx_word' id='word_1_77' title='bbox 1185 1050 1313 1117; x_wconf 81' lang='lat' dir='ltr'><strong>Judaiei</strong></span> 
     </span>
     <span class='ocr_line' id='line_1_10' title="bbox 281 1134 1313 1218; baseline 0.004 -20"><span class='ocrx_word' id='word_1_78' title='bbox 281 1135 469 1218; x_wconf 86' lang='lat' dir='ltr'><strong>interpretes</strong></span> <span class='ocrx_word' id='word_1_79' title='bbox 487 1135 608 1216; x_wconf 75' lang='grc' dir='ltr'><strong><em>δήσωμεν</em></strong></span> <span class='ocrx_word' id='word_1_80' title='bbox 623 1147 788 1196; x_wconf 88' lang='lat' dir='ltr'><strong>verterant.</strong></span> <span class='ocrx_word' id='word_1_81' title='bbox 824 1135 843 1198; x_wconf 94' lang='lat' dir='ltr'>J</span> <span class='ocrx_word' id='word_1_82' title='bbox 847 1134 944 1198; x_wconf 90' lang='lat' dir='ltr'><strong>ustini</strong></span> <span class='ocrx_word' id='word_1_83' title='bbox 961 1134 1132 1198; x_wconf 90' lang='lat' dir='ltr'><strong>lectionem</strong></span> <span class='ocrx_word' id='word_1_84' title='bbox 1147 1135 1313 1203; x_wconf 79' lang='lat' dir='ltr'><strong>confimat</strong></span> 
     </span>
     <span class='ocr_line' id='line_1_11' title="bbox 280 1218 1313 1301; baseline 0.005 -19"><span class='ocrx_word' id='word_1_85' title='bbox 280 1220 376 1283; x_wconf 90' lang='lat' dir='ltr'><strong>etiam</strong></span> <span class='ocrx_word' id='word_1_86' title='bbox 388 1219 602 1284; x_wconf 86' lang='lat' dir='ltr'><strong>Tertullianus</strong></span> <span class='ocrx_word' id='word_1_87' title='bbox 617 1219 649 1282; x_wconf 90' lang='lat' dir='ltr'><strong>in</strong></span> <span class='ocrx_word' id='word_1_88' title='bbox 660 1218 716 1282; x_wconf 89' lang='lat' dir='ltr'><strong>lib.</strong></span> <span class='ocrx_word' id='word_1_89' title='bbox 728 1218 771 1281; x_wconf 87' lang='lat' dir='ltr'><strong>iii.</strong></span> <span class='ocrx_word' id='word_1_90' title='bbox 782 1234 895 1283; x_wconf 89' lang='lat' dir='ltr'><strong>contra</strong></span> <span class='ocrx_word' id='word_1_91' title='bbox 907 1221 1066 1284; x_wconf 90' lang='lat' dir='ltr'><strong>Marcion.</strong></span> <span class='ocrx_word' id='word_1_92' title='bbox 1079 1241 1108 1284; x_wconf 89' lang='lat' dir='ltr'><strong>c.</strong></span> <span class='ocrx_word' id='word_1_93' title='bbox 1118 1235 1170 1284; x_wconf 84' lang='lat'><strong>22.</strong></span> <span class='ocrx_word' id='word_1_94' title='bbox 1197 1220 1313 1301; x_wconf 59' lang='lat' dir='ltr'><strong>Venia,</strong></span> 
     </span>
     <span class='ocr_line' id='line_1_12' title="bbox 281 1303 1313 1391; baseline 0.004 -22"><span class='ocrx_word' id='word_1_95' title='bbox 281 1304 438 1391; x_wconf 82' lang='lat' dir='ltr'><strong>inquiant,</strong></span> <span class='ocrx_word' id='word_1_96' title='bbox 453 1303 631 1390; x_wconf 72' lang='lat' dir='ltr'><strong>artferamas</strong></span> <span class='ocrx_word' id='word_1_97' title='bbox 637 1305 774 1389; x_wconf 82' lang='lat' dir='ltr'><strong>justam,</strong></span> <span class='ocrx_word' id='word_1_98' title='bbox 788 1304 863 1389; x_wconf 84' lang='lat' dir='ltr'><strong>quia</strong></span> <span class='ocrx_word' id='word_1_99' title='bbox 877 1303 999 1369; x_wconf 84' lang='lat' dir='ltr'><strong>inutilis</strong></span> <span class='ocrx_word' id='word_1_100' title='bbox 1013 1316 1059 1369; x_wconf 86' lang='lat' dir='ltr'><strong>est</strong></span> <span class='ocrx_word' id='word_1_101' title='bbox 1071 1303 1165 1369; x_wconf 65' lang='lat' dir='ltr'><strong>nolu.</strong></span> <span class='ocrx_word' id='word_1_102' title='bbox 1203 1306 1270 1371; x_wconf 83' lang='lat' dir='ltr'><strong>Sed</strong></span> <span class='ocrx_word' id='word_1_103' title='bbox 1282 1320 1313 1373; x_wconf 85' lang='lat' dir='ltr'><strong>et</strong></span> 
     </span>
     <span class='ocr_line' id='line_1_13' title="bbox 280 1388 1312 1476; baseline 0.003 -22"><span class='ocrx_word' id='word_1_104' title='bbox 280 1389 312 1454; x_wconf 95' lang='lat' dir='ltr'><strong>in</strong></span> <span class='ocrx_word' id='word_1_105' title='bbox 327 1412 366 1453; x_wconf 91' lang='lat' dir='ltr'><strong>eo</strong></span> <span class='ocrx_word' id='word_1_106' title='bbox 381 1390 511 1469; x_wconf 88' lang='lat' dir='ltr'><strong>fallitur,</strong></span> <span class='ocrx_word' id='word_1_107' title='bbox 525 1390 615 1476; x_wconf 92' lang='lat' dir='ltr'><strong>quod</strong></span> <span class='ocrx_word' id='word_1_108' title='bbox 634 1388 720 1474; x_wconf 87' lang='lat' dir='ltr'><strong>apud</strong></span> <span class='ocrx_word' id='word_1_109' title='bbox 742 1390 895 1454; x_wconf 89' lang='lat' dir='ltr'><strong>Rufinum</strong></span> <span class='ocrx_word' id='word_1_110' title='bbox 916 1411 976 1475; x_wconf 87' lang='lat' dir='ltr'><strong>pro</strong></span> <span class='ocrx_word' id='word_1_111' title='bbox 997 1392 1093 1455; x_wconf 86' lang='lat' dir='ltr'><strong>Esaia</strong></span> <span class='ocrx_word' id='word_1_112' title='bbox 1114 1390 1312 1457; x_wconf 80' lang='lat' dir='ltr'><strong>Hieremiam</strong></span> 
     </span>
     <span class='ocr_line' id='line_1_14' title="bbox 279 1474 1312 1560; baseline 0.002 -20"><span class='ocrx_word' id='word_1_113' title='bbox 279 1476 375 1540; x_wconf 86' lang='lat' dir='ltr'><strong>scribi</strong></span> <span class='ocrx_word' id='word_1_114' title='bbox 389 1475 477 1540; x_wconf 87' lang='lat' dir='ltr'><strong>dicit.</strong></span> <span class='ocrx_word' id='word_1_115' title='bbox 516 1478 613 1539; x_wconf 90' lang='lat' dir='ltr'><strong>Porro</strong></span> <span class='ocrx_word' id='word_1_116' title='bbox 635 1475 841 1560; x_wconf 88' lang='lat' dir='ltr'><strong>Hegesippus</strong></span> <span class='ocrx_word' id='word_1_117' title='bbox 862 1474 948 1539; x_wconf 91' lang='lat' dir='ltr'><strong>hunc</strong></span> <span class='ocrx_word' id='word_1_118' title='bbox 970 1478 1071 1539; x_wconf 77' lang='lat' dir='ltr'><strong>Esaiae</strong></span> <span class='ocrx_word' id='word_1_119' title='bbox 1092 1475 1201 1539; x_wconf 89' lang='lat' dir='ltr'><strong>locum</strong></span> <span class='ocrx_word' id='word_1_120' title='bbox 1241 1499 1312 1543; x_wconf 85' lang='lat' dir='ltr'><strong>uern</strong></span> 
     </span>
     <span class='ocr_line' id='line_1_15' title="bbox 277 1559 1312 1646; baseline 0.003 -20"><span class='ocrx_word' id='word_1_121' title='bbox 277 1561 354 1639; x_wconf 85' lang='lat' dir='ltr'><strong>dixi,</strong></span> <span class='ocrx_word' id='word_1_122' title='bbox 367 1560 400 1625; x_wconf 93' lang='lat' dir='ltr'><strong>in</strong></span> <span class='ocrx_word' id='word_1_123' title='bbox 416 1574 522 1625; x_wconf 92' lang='lat' dir='ltr'><strong>mente</strong></span> <span class='ocrx_word' id='word_1_124' title='bbox 541 1560 656 1624; x_wconf 85' lang='lat' dir='ltr'><strong>habuit</strong></span> <span class='ocrx_word' id='word_1_125' title='bbox 676 1559 773 1646; x_wconf 91' lang='lat' dir='ltr'><strong>paulo</strong></span> <span class='ocrx_word' id='word_1_126' title='bbox 798 1583 834 1624; x_wconf 93' lang='lat' dir='ltr'><strong>su</strong></span> <span class='ocrx_word' id='word_1_127' title='bbox 857 1581 902 1636; x_wconf 88' lang='lat' dir='ltr'><strong>ra,</strong></span> <span class='ocrx_word' id='word_1_128' title='bbox 919 1582 994 1624; x_wconf 92' lang='lat' dir='ltr'><strong>cum</strong></span> <span class='ocrx_word' id='word_1_129' title='bbox 1008 1560 1139 1637; x_wconf 87' lang='lat' dir='ltr'><strong>diceret,</strong></span> <span class='ocrx_word' id='word_1_130' title='bbox 1151 1561 1236 1625; x_wconf 88' lang='lat' dir='ltr'><strong>Jaoo</strong></span> <span class='ocrx_word' id='word_1_131' title='bbox 1258 1585 1312 1629; x_wconf 89' lang='lat' dir='ltr'><strong>um</strong></span> 
     </span>
     <span class='ocr_line' id='line_1_16' title="bbox 277 1582 1313 1735; baseline -0.001 -22"><span class='ocrx_word' id='word_1_132' title='bbox 277 1668 298 1713; x_wconf 85' lang='lat' dir='ltr'><strong>a</strong></span> <span class='ocrx_word' id='word_1_133' title='bbox 315 1647 479 1735; x_wconf 90' lang='lat' dir='ltr'><strong>prophetis</strong></span> <span class='ocrx_word' id='word_1_134' title='bbox 496 1645 621 1732; x_wconf 91' lang='lat' dir='ltr'><strong>justum</strong></span> <span class='ocrx_word' id='word_1_135' title='bbox 644 1667 713 1709; x_wconf 88' lang='lat' dir='ltr'><strong>esse</strong></span> <span class='ocrx_word' id='word_1_136' title='bbox 734 1582 944 1730; x_wconf 61' lang='lat' dir='ltr'><strong>appellitum.</strong></span> <span class='ocrx_word' id='word_1_137' title='bbox 965 1648 1092 1711; x_wconf 74' lang='grc' dir='ltr'><strong>ἐκαλεῖτο</strong></span> <span class='ocrx_word' id='word_1_138' title='bbox 1109 1644 1221 1720; x_wconf 71' lang='grc' dir='ltr'><strong>δίκαιος·</strong></span> <span class='ocrx_word' id='word_1_139' title='bbox 1234 1649 1270 1722; x_wconf 69' lang='grc' dir='ltr'><strong>ὥς</strong></span> <span class='ocrx_word' id='word_1_140' title='bbox 1289 1654 1313 1713; x_wconf 81' lang='lat' dir='ltr'><strong>ri</strong></span> 
     </span>
     <span class='ocr_line' id='line_1_17' title="bbox 278 1729 1313 1819; baseline -0.005 -22"><span class='ocrx_word' id='word_1_141' title='bbox 278 1739 418 1819; x_wconf 61' lang='lat' dir='ltr'><strong>capacitas</strong></span> <span class='ocrx_word' id='word_1_142' title='bbox 439 1735 548 1808; x_wconf 74' lang='grc' dir='ltr'>δηλοῦσι</span> <span class='ocrx_word' id='word_1_143' title='bbox 565 1731 633 1817; x_wconf 77' lang='lat' dir='ltr'><strong>arapl</strong></span> <span class='ocrx_word' id='word_1_144' title='bbox 650 1735 733 1794; x_wconf 65' lang='lat' dir='ltr'><strong>aava.</strong></span> <span class='ocrx_word' id='word_1_145' title='bbox 755 1732 962 1794; x_wconf 75' lang='lat' dir='ltr'><strong>VALESwS.</strong></span> <span class='ocrx_word' id='word_1_146' title='bbox 992 1729 1126 1814; x_wconf 76' lang='grc' dir='ltr'>Ἀρωμεν</span> <span class='ocrx_word' id='word_1_147' title='bbox 1143 1730 1192 1793; x_wconf 71' lang='grc' dir='ltr'><strong>τὸν</strong></span> <span class='ocrx_word' id='word_1_148' title='bbox 1210 1730 1313 1799; x_wconf 69' lang='lat' dir='ltr'><strong>llum</strong></span> 
     </span>
     <span class='ocr_line' id='line_1_18' title="bbox 279 1814 1312 1901; baseline 0 -18"><span class='ocrx_word' id='word_1_149' title='bbox 279 1819 340 1883; x_wconf 74' lang='lat' dir='ltr'><strong>&amp;a</strong></span> <span class='ocrx_word' id='word_1_150' title='bbox 378 1819 427 1882; x_wconf 91' lang='lat' dir='ltr'><strong>Ita</strong></span> <span class='ocrx_word' id='word_1_151' title='bbox 442 1816 528 1880; x_wconf 91' lang='lat' dir='ltr'><strong>hunc</strong></span> <span class='ocrx_word' id='word_1_152' title='bbox 544 1816 651 1880; x_wconf 90' lang='lat' dir='ltr'><strong>locum</strong></span> <span class='ocrx_word' id='word_1_153' title='bbox 674 1839 693 1878; x_wconf 91' lang='lat' dir='ltr'><strong>a</strong></span> <span class='ocrx_word' id='word_1_154' title='bbox 711 1816 816 1878; x_wconf 90' lang='lat' dir='ltr'><strong>LXX.</strong></span> <span class='ocrx_word' id='word_1_155' title='bbox 832 1814 911 1878; x_wconf 90' lang='lat' dir='ltr'><strong>olim</strong></span> <span class='ocrx_word' id='word_1_156' title='bbox 928 1817 1083 1901; x_wconf 89' lang='lat' dir='ltr'><strong>scriptum</strong></span> <span class='ocrx_word' id='word_1_157' title='bbox 1100 1814 1199 1881; x_wconf 80' lang='lat' dir='ltr'><strong>fuisse</strong></span> <span class='ocrx_word' id='word_1_158' title='bbox 1213 1828 1312 1883; x_wconf 81' lang='lat' dir='ltr'><strong>testa-</strong></span> 
     </span>
     <span class='ocr_line' id='line_1_19' title="bbox 277 1900 1313 1988; baseline 0 -21"><span class='ocrx_word' id='word_1_159' title='bbox 277 1915 331 1967; x_wconf 92' lang='lat' dir='ltr'><strong>tur</strong></span> <span class='ocrx_word' id='word_1_160' title='bbox 347 1901 492 1967; x_wconf 90' lang='lat' dir='ltr'><strong>Justinus</strong></span> <span class='ocrx_word' id='word_1_161' title='bbox 517 1904 645 1988; x_wconf 87' lang='lat' dir='ltr'><strong>Martyr</strong></span> <span class='ocrx_word' id='word_1_162' title='bbox 666 1900 811 1986; x_wconf 90' lang='lat' dir='ltr'><strong>Dialogo</strong></span> <span class='ocrx_word' id='word_1_163' title='bbox 831 1922 906 1963; x_wconf 91' lang='lat' dir='ltr'><strong>cum</strong></span> <span class='ocrx_word' id='word_1_164' title='bbox 928 1900 1102 1987; x_wconf 89' lang='lat' dir='ltr'><strong>Tryphone</strong></span> <span class='ocrx_word' id='word_1_165' title='bbox 1115 1907 1238 1988; x_wconf 84' lang='lat' dir='ltr'><strong>p.aa7.</strong></span> <span class='ocrx_word' id='word_1_166' title='bbox 1251 1902 1313 1967; x_wconf 86' lang='lat' dir='ltr'><strong>etsi</strong></span> 
     </span>
     <span class='ocr_line' id='line_1_20' title="bbox 278 1984 1314 2072; baseline -0.001 -20"><span class='ocrx_word' id='word_1_167' title='bbox 278 1987 366 2053; x_wconf 91' lang='lat' dir='ltr'><strong>idem</strong></span> <span class='ocrx_word' id='word_1_168' title='bbox 384 1987 461 2050; x_wconf 91' lang='lat' dir='ltr'><strong>alibi</strong></span> <span class='ocrx_word' id='word_1_169' title='bbox 481 2009 513 2072; x_wconf 86' lang='lat' dir='ltr'><strong>p.</strong></span> <span class='ocrx_word' id='word_1_170' title='bbox 526 2000 595 2064; x_wconf 82' lang='lat'><strong>235,</strong></span> <span class='ocrx_word' id='word_1_171' title='bbox 610 2000 642 2050; x_wconf 93' lang='lat' dir='ltr'><strong>et</strong></span> <span class='ocrx_word' id='word_1_172' title='bbox 657 2007 689 2071; x_wconf 91' lang='lat' dir='ltr'><strong>p.</strong></span> <span class='ocrx_word' id='word_1_173' title='bbox 704 1993 775 2050; x_wconf 79' lang='grc'><strong>361.</strong></span> <span class='ocrx_word' id='word_1_174' title='bbox 794 1987 860 2071; x_wconf 90' lang='lat' dir='ltr'><strong>ipse</strong></span> <span class='ocrx_word' id='word_1_175' title='bbox 882 1984 979 2050; x_wconf 88' lang='lat' dir='ltr'><strong>habet</strong></span> <span class='ocrx_word' id='word_1_176' title='bbox 995 1987 1116 2069; x_wconf 69' lang='grc' dir='ltr'><strong><em>δήωμεν</em></strong></span> <span class='ocrx_word' id='word_1_177' title='bbox 1134 1988 1181 2051; x_wconf 78' lang='lat' dir='ltr'><strong>alr</strong></span> <span class='ocrx_word' id='word_1_178' title='bbox 1198 1986 1314 2068; x_wconf 69' lang='grc' dir='ltr'><strong>δίκαιον,</strong></span> 
     </span>
     <span class='ocr_line' id='line_1_21' title="bbox 299 2070 1314 2158; baseline -0.001 -19"><span class='ocrx_word' id='word_1_179' title='bbox 299 2072 444 2139; x_wconf 90' lang='lat' dir='ltr'><strong>uomodo</strong></span> <span class='ocrx_word' id='word_1_180' title='bbox 464 2073 496 2136; x_wconf 90' lang='lat' dir='ltr'><strong>in</strong></span> <span class='ocrx_word' id='word_1_181' title='bbox 518 2072 656 2158; x_wconf 87' lang='lat' dir='ltr'><strong>vulgatis</strong></span> <span class='ocrx_word' id='word_1_182' title='bbox 671 2071 850 2135; x_wconf 90' lang='lat' dir='ltr'><strong>Bibliorum</strong></span> <span class='ocrx_word' id='word_1_183' title='bbox 866 2071 1053 2136; x_wconf 82' lang='lat' dir='ltr'><strong>Graecorum</strong></span> <span class='ocrx_word' id='word_1_184' title='bbox 1068 2070 1238 2137; x_wconf 89' lang='lat' dir='ltr'><strong>codicibus</strong></span> <span class='ocrx_word' id='word_1_185' title='bbox 1253 2072 1314 2137; x_wconf 93' lang='lat' dir='ltr'><strong>ho-</strong></span> 
     </span>
     <span class='ocr_line' id='line_1_22' title="bbox 299 2156 1312 2244; baseline -0.003 -20"><span class='ocrx_word' id='word_1_186' title='bbox 299 2159 328 2224; x_wconf 86' lang='lat' dir='ltr'><strong>&#39;e</strong></span> <span class='ocrx_word' id='word_1_187' title='bbox 349 2158 479 2244; x_wconf 87' lang='lat' dir='ltr'><strong>legitur,</strong></span> <span class='ocrx_word' id='word_1_188' title='bbox 498 2171 531 2221; x_wconf 94' lang='lat' dir='ltr'><strong>et</strong></span> <span class='ocrx_word' id='word_1_189' title='bbox 553 2156 674 2243; x_wconf 89' lang='lat' dir='ltr'><strong>pridem</strong></span> <span class='ocrx_word' id='word_1_190' title='bbox 698 2157 779 2242; x_wconf 89' lang='lat' dir='ltr'><strong>legit</strong></span> <span class='ocrx_word' id='word_1_191' title='bbox 799 2158 960 2221; x_wconf 80' lang='lat' dir='ltr'><strong>Barnabas</strong></span> <span class='ocrx_word' id='word_1_192' title='bbox 983 2157 1015 2221; x_wconf 92' lang='lat' dir='ltr'><strong>in</strong></span> <span class='ocrx_word' id='word_1_193' title='bbox 1036 2156 1173 2243; x_wconf 90' lang='lat' dir='ltr'><strong>epistola</strong></span> <span class='ocrx_word' id='word_1_194' title='bbox 1192 2179 1266 2244; x_wconf 89' lang='lat' dir='ltr'><strong>cap.</strong></span> <span class='ocrx_word' id='word_1_195' title='bbox 1281 2165 1312 2225; x_wconf 82' lang='lat'><strong>6.</strong></span> 
     </span>
     <span class='ocr_line' id='line_1_23' title="bbox 276 2241 1313 2334; baseline -0.001 -25"><span class='ocrx_word' id='word_1_196' title='bbox 276 2245 332 2334; x_wconf 91' lang='lat' dir='ltr'><strong>qui</strong></span> <span class='ocrx_word' id='word_1_197' title='bbox 349 2267 410 2308; x_wconf 93' lang='lat' dir='ltr'><strong>non</strong></span> <span class='ocrx_word' id='word_1_198' title='bbox 425 2243 467 2308; x_wconf 89' lang='lat' dir='ltr'><strong>de</strong></span> <span class='ocrx_word' id='word_1_199' title='bbox 479 2244 606 2308; x_wconf 85' lang='lat' dir='ltr'><strong>Jacobo</strong></span> <span class='ocrx_word' id='word_1_200' title='bbox 624 2241 679 2306; x_wconf 91' lang='lat' dir='ltr'><strong>sed</strong></span> <span class='ocrx_word' id='word_1_201' title='bbox 697 2241 829 2306; x_wconf 90' lang='lat' dir='ltr'><strong>Christo</strong></span> <span class='ocrx_word' id='word_1_202' title='bbox 850 2242 1015 2327; x_wconf 76' lang='lat' dir='ltr'><strong>propheta</strong></span> <span class='ocrx_word' id='word_1_203' title='bbox 1038 2242 1133 2307; x_wconf 87' lang='lat' dir='ltr'><strong>verba</strong></span> <span class='ocrx_word' id='word_1_204' title='bbox 1154 2242 1313 2330; x_wconf 84' lang='lat' dir='ltr'><strong>interpre·</strong></span> 
     </span>
     <span class='ocr_line' id='line_1_24' title="bbox 276 2327 1313 2416; baseline -0.004 -19"><span class='ocrx_word' id='word_1_205' title='bbox 276 2345 374 2407; x_wconf 88' lang='lat' dir='ltr'><strong>tatur,</strong></span> <span class='ocrx_word' id='word_1_206' title='bbox 390 2329 478 2416; x_wconf 91' lang='lat' dir='ltr'><strong>quod</strong></span> <span class='ocrx_word' id='word_1_207' title='bbox 493 2330 570 2393; x_wconf 85' lang='lat' dir='ltr'><strong>facit</strong></span> <span class='ocrx_word' id='word_1_208' title='bbox 585 2329 748 2392; x_wconf 89' lang='lat' dir='ltr'><strong>universus</strong></span> <span class='ocrx_word' id='word_1_209' title='bbox 765 2341 893 2412; x_wconf 90' lang='lat' dir='ltr'><strong>patrum</strong></span> <span class='ocrx_word' id='word_1_210' title='bbox 909 2327 1026 2390; x_wconf 90' lang='lat' dir='ltr'><strong>chorus</strong></span> <span class='ocrx_word' id='word_1_211' title='bbox 1042 2329 1233 2393; x_wconf 82' lang='lat' dir='ltr'><strong>Graecorum</strong></span> <span class='ocrx_word' id='word_1_212' title='bbox 1249 2331 1313 2393; x_wconf 86' lang='lat' dir='ltr'><strong>La-</strong></span> 
     </span>
     <span class='ocr_line' id='line_1_25' title="bbox 276 2412 1314 2501; baseline -0.002 -19"><span class='ocrx_word' id='word_1_213' title='bbox 276 2421 491 2501; x_wconf 88' lang='lat' dir='ltr'><strong>tinorumque.</strong></span> <span class='ocrx_word' id='word_1_214' title='bbox 508 2415 635 2501; x_wconf 78' lang='grc' dir='ltr'>Ἀρωμεν</span> <span class='ocrx_word' id='word_1_215' title='bbox 651 2413 749 2478; x_wconf 89' lang='lat' dir='ltr'><strong>habet</strong></span> <span class='ocrx_word' id='word_1_216' title='bbox 763 2414 858 2476; x_wconf 90' lang='lat' dir='ltr'><strong>etiam</strong></span> <span class='ocrx_word' id='word_1_217' title='bbox 876 2412 1025 2477; x_wconf 88' lang='lat' dir='ltr'><strong>Clemens</strong></span> <span class='ocrx_word' id='word_1_218' title='bbox 1041 2413 1135 2478; x_wconf 87' lang='lat' dir='ltr'><strong>Alex.</strong></span> <span class='ocrx_word' id='word_1_219' title='bbox 1152 2437 1179 2476; x_wconf 92' lang='lat' dir='ltr'><strong>v.</strong></span> <span class='ocrx_word' id='word_1_220' title='bbox 1191 2416 1314 2480; x_wconf 88' lang='lat' dir='ltr'><strong>Strom.</strong></span> 
     </span>
     <span class='ocr_line' id='line_1_26' title="bbox 277 2498 1315 2598; baseline -0.004 -31"><span class='ocrx_word' id='word_1_221' title='bbox 277 2525 310 2589; x_wconf 89' lang='lat' dir='ltr'><strong>p.</strong></span> <span class='ocrx_word' id='word_1_222' title='bbox 326 2511 395 2568; x_wconf 83' lang='lat'><strong>601.</strong></span> <span class='ocrx_word' id='word_1_223' title='bbox 418 2517 450 2565; x_wconf 89' lang='lat' dir='ltr'><strong>et</strong></span> <span class='ocrx_word' id='word_1_224' title='bbox 472 2500 684 2564; x_wconf 87' lang='lat' dir='ltr'><strong>Tertullianus</strong></span> <span class='ocrx_word' id='word_1_225' title='bbox 700 2499 742 2562; x_wconf 88' lang='lat' dir='ltr'><strong>iii.</strong></span> <span class='ocrx_word' id='word_1_226' title='bbox 758 2511 807 2573; x_wconf 81' lang='lat'><strong>27.</strong></span> <span class='ocrx_word' id='word_1_227' title='bbox 824 2512 935 2562; x_wconf 89' lang='lat' dir='ltr'><strong>contra</strong></span> <span class='ocrx_word' id='word_1_228' title='bbox 956 2501 1167 2577; x_wconf 86' lang='lat' dir='ltr'><strong>Marcionem,</strong></span> <span class='ocrx_word' id='word_1_229' title='bbox 1183 2498 1315 2598; x_wconf 65' lang='lat' dir='ltr'><strong>affera-</strong></span> 
     </span>
     <span class='ocr_line' id='line_1_27' title="bbox 277 2583 1314 2669; baseline -0.002 -17"><span class='ocrx_word' id='word_1_230' title='bbox 277 2612 356 2652; x_wconf 84' lang='lat' dir='ltr'><strong>mus.</strong></span> <span class='ocrx_word' id='word_1_231' title='bbox 394 2587 448 2650; x_wconf 85' lang='lat' dir='ltr'><strong>Ad</strong></span> <span class='ocrx_word' id='word_1_232' title='bbox 475 2588 623 2650; x_wconf 81' lang='lat' dir='ltr'><strong>Graecam</strong></span> <span class='ocrx_word' id='word_1_233' title='bbox 649 2585 752 2648; x_wconf 83' lang='lat' dir='ltr'><strong>Esaiae</strong></span> <span class='ocrx_word' id='word_1_234' title='bbox 776 2584 951 2647; x_wconf 86' lang='lat' dir='ltr'><strong>versionem</strong></span> <span class='ocrx_word' id='word_1_235' title='bbox 976 2583 1090 2648; x_wconf 89' lang='lat' dir='ltr'><strong>alludit</strong></span> <span class='ocrx_word' id='word_1_236' title='bbox 1115 2585 1189 2669; x_wconf 86' lang='lat' dir='ltr'><strong>Sap.</strong></span> <span class='ocrx_word' id='word_1_237' title='bbox 1214 2585 1247 2648; x_wconf 87' lang='lat' dir='ltr'><strong>ri.</strong></span> <span class='ocrx_word' id='word_1_238' title='bbox 1267 2602 1314 2650; x_wconf 86' lang='lat'><strong>12.</strong></span> 
     </span>
     <span class='ocr_line' id='line_1_28' title="bbox 277 2668 1314 2760; baseline -0.003 -23"><span class='ocrx_word' id='word_1_239' title='bbox 277 2675 469 2760; x_wconf 79' lang='grc' dir='ltr'><strong>ἐνεδρεύσωμεν</strong></span> <span class='ocrx_word' id='word_1_240' title='bbox 486 2674 533 2734; x_wconf 78' lang='grc' dir='ltr'><strong>τὸν</strong></span> <span class='ocrx_word' id='word_1_241' title='bbox 555 2671 666 2747; x_wconf 75' lang='grc' dir='ltr'><strong>δίκαιον,</strong></span> <span class='ocrx_word' id='word_1_242' title='bbox 682 2670 767 2734; x_wconf 91' lang='lat' dir='ltr'><strong>unde</strong></span> <span class='ocrx_word' id='word_1_243' title='bbox 790 2669 906 2733; x_wconf 88' lang='lat' dir='ltr'><strong>librum</strong></span> <span class='ocrx_word' id='word_1_244' title='bbox 927 2668 1017 2733; x_wconf 92' lang='lat' dir='ltr'><strong>illum</strong></span> <span class='ocrx_word' id='word_1_245' title='bbox 1041 2671 1155 2735; x_wconf 87' lang='lat' dir='ltr'><strong>Graece</strong></span> <span class='ocrx_word' id='word_1_246' title='bbox 1177 2692 1244 2733; x_wconf 90' lang='lat' dir='ltr'><strong>non</strong></span> <span class='ocrx_word' id='word_1_247' title='bbox 1267 2673 1314 2734; x_wconf 92' lang='lat' dir='ltr'><strong>E·</strong></span> 
     </span>
     <span class='ocr_line' id='line_1_29' title="bbox 276 2754 1317 2841; baseline -0.003 -18"><span class='ocrx_word' id='word_1_248' title='bbox 276 2760 383 2825; x_wconf 89' lang='lat' dir='ltr'><strong>braice</strong></span> <span class='ocrx_word' id='word_1_249' title='bbox 406 2758 558 2841; x_wconf 90' lang='lat' dir='ltr'><strong>scriptum</strong></span> <span class='ocrx_word' id='word_1_250' title='bbox 578 2778 646 2820; x_wconf 90' lang='lat' dir='ltr'><strong>esse</strong></span> <span class='ocrx_word' id='word_1_251' title='bbox 666 2755 839 2839; x_wconf 86' lang='lat' dir='ltr'><strong>colligebat</strong></span> <span class='ocrx_word' id='word_1_252' title='bbox 857 2754 1032 2818; x_wconf 89' lang='lat' dir='ltr'><strong>Lemonius</strong></span> <span class='ocrx_word' id='word_1_253' title='bbox 1047 2754 1144 2818; x_wconf 91' lang='lat' dir='ltr'><strong>Notis</strong></span> <span class='ocrx_word' id='word_1_254' title='bbox 1158 2755 1199 2819; x_wconf 89' lang='lat' dir='ltr'><strong>ad</strong></span> <span class='ocrx_word' id='word_1_255' title='bbox 1215 2756 1317 2821; x_wconf 87' lang='lat' dir='ltr'><strong>Varia</strong></span> 
     </span>
     <span class='ocr_line' id='line_1_30' title="bbox 278 2839 1314 2929; baseline -0.003 -21"><span class='ocrx_word' id='word_1_256' title='bbox 278 2846 375 2908; x_wconf 89' lang='lat' dir='ltr'><strong>Sacra</strong></span> <span class='ocrx_word' id='word_1_257' title='bbox 389 2865 420 2926; x_wconf 92' lang='lat' dir='ltr'><strong>p.</strong></span> <span class='ocrx_word' id='word_1_258' title='bbox 435 2856 505 2919; x_wconf 86' lang='grc'><strong>595.</strong></span> <span class='ocrx_word' id='word_1_259' title='bbox 543 2843 639 2904; x_wconf 90' lang='lat' dir='ltr'><strong>Porro</strong></span> <span class='ocrx_word' id='word_1_260' title='bbox 657 2841 834 2925; x_wconf 84' lang='lat' dir='ltr'><strong>Ruinartus</strong></span> <span class='ocrx_word' id='word_1_261' title='bbox 857 2840 889 2902; x_wconf 92' lang='lat' dir='ltr'><strong>in</strong></span> <span class='ocrx_word' id='word_1_262' title='bbox 910 2840 1004 2903; x_wconf 85' lang='lat' dir='ltr'><strong>Actis</strong></span> <span class='ocrx_word' id='word_1_263' title='bbox 1026 2839 1157 2903; x_wconf 90' lang='lat' dir='ltr'><strong>Selectis</strong></span> <span class='ocrx_word' id='word_1_264' title='bbox 1180 2841 1314 2929; x_wconf 88' lang='lat' dir='ltr'><strong>Marty-</strong></span> 
     </span>
     <span class='ocr_line' id='line_1_31' title="bbox 276 2925 1314 3012; baseline -0.002 -19"><span class='ocrx_word' id='word_1_265' title='bbox 276 2952 347 2993; x_wconf 90' lang='lat' dir='ltr'><strong>rum</strong></span> <span class='ocrx_word' id='word_1_266' title='bbox 363 2950 394 3012; x_wconf 92' lang='lat' dir='ltr'><strong>p.</strong></span> <span class='ocrx_word' id='word_1_267' title='bbox 408 2941 437 3003; x_wconf 91' lang='lat'><strong>7.</strong></span> <span class='ocrx_word' id='word_1_268' title='bbox 454 2928 598 2990; x_wconf 90' lang='lat' dir='ltr'><strong>observat</strong></span> <span class='ocrx_word' id='word_1_269' title='bbox 619 2948 683 2989; x_wconf 92' lang='lat' dir='ltr'><strong>non</strong></span> <span class='ocrx_word' id='word_1_270' title='bbox 701 2934 824 2988; x_wconf 82' lang='lat' dir='ltr'><strong>tanturn</strong></span> <span class='ocrx_word' id='word_1_271' title='bbox 846 2925 932 3009; x_wconf 90' lang='lat' dir='ltr'><strong>apud</strong></span> <span class='ocrx_word' id='word_1_272' title='bbox 951 2925 1126 2989; x_wconf 81' lang='lat' dir='ltr'><strong>Batonium</strong></span> <span class='ocrx_word' id='word_1_273' title='bbox 1147 2925 1188 2988; x_wconf 88' lang='lat' dir='ltr'><strong>ad</strong></span> <span class='ocrx_word' id='word_1_274' title='bbox 1210 2926 1252 2990; x_wconf 92' lang='lat' dir='ltr'><strong>A.</strong></span> <span class='ocrx_word' id='word_1_275' title='bbox 1270 2926 1314 2991; x_wconf 86' lang='lat' dir='ltr'><strong>C.</strong></span> 
     </span>
     <span class='ocr_line' id='line_1_32' title="bbox 276 3010 1315 3096; baseline -0.003 -17"><span class='ocrx_word' id='word_1_276' title='bbox 276 3014 353 3079; x_wconf 84' lang='lat' dir='ltr'><strong>lxiii.</strong></span> <span class='ocrx_word' id='word_1_277' title='bbox 365 3037 395 3077; x_wconf 90' lang='lat' dir='ltr'><strong>n.</strong></span> <span class='ocrx_word' id='word_1_278' title='bbox 405 3019 434 3076; x_wconf 88' lang='lat'><strong>6.</strong></span> <span class='ocrx_word' id='word_1_279' title='bbox 451 3012 506 3075; x_wconf 91' lang='lat' dir='ltr'><strong>sed</strong></span> <span class='ocrx_word' id='word_1_280' title='bbox 517 3025 550 3075; x_wconf 91' lang='lat' dir='ltr'><strong>et</strong></span> <span class='ocrx_word' id='word_1_281' title='bbox 561 3012 593 3075; x_wconf 90' lang='lat' dir='ltr'><strong>in</strong></span> <span class='ocrx_word' id='word_1_282' title='bbox 605 3010 698 3075; x_wconf 90' lang='lat' dir='ltr'><strong>codd.</strong></span> <span class='ocrx_word' id='word_1_283' title='bbox 712 3012 809 3076; x_wconf 89' lang='lat' dir='ltr'><strong>MSS.</strong></span> <span class='ocrx_word' id='word_1_284' title='bbox 824 3010 953 3074; x_wconf 87' lang='lat' dir='ltr'><strong>Eusebii</strong></span> <span class='ocrx_word' id='word_1_285' title='bbox 970 3010 1055 3074; x_wconf 90' lang='lat' dir='ltr'><strong>hunc</strong></span> <span class='ocrx_word' id='word_1_286' title='bbox 1072 3010 1247 3096; x_wconf 89' lang='lat' dir='ltr'><strong>Scripturae</strong></span> <span class='ocrx_word' id='word_1_287' title='bbox 1260 3011 1315 3076; x_wconf 92' lang='lat' dir='ltr'><strong>lo-</strong></span> 
     </span>
     <span class='ocr_line' id='line_1_33' title="bbox 277 3093 1315 3180; baseline -0.005 -15"><span class='ocrx_word' id='word_1_288' title='bbox 277 3123 352 3165; x_wconf 91' lang='lat' dir='ltr'><strong>cum</strong></span> <span class='ocrx_word' id='word_1_289' title='bbox 368 3099 473 3163; x_wconf 83' lang='lat' dir='ltr'><strong>referri</strong></span> <span class='ocrx_word' id='word_1_290' title='bbox 490 3120 554 3161; x_wconf 92' lang='lat' dir='ltr'><strong>non</strong></span> <span class='ocrx_word' id='word_1_291' title='bbox 568 3096 608 3160; x_wconf 89' lang='lat' dir='ltr'><strong>ad</strong></span> <span class='ocrx_word' id='word_1_292' title='bbox 623 3093 762 3173; x_wconf 86' lang='lat' dir='ltr'><strong>Esaiam,</strong></span> <span class='ocrx_word' id='word_1_293' title='bbox 777 3097 832 3160; x_wconf 89' lang='lat' dir='ltr'><strong>sed</strong></span> <span class='ocrx_word' id='word_1_294' title='bbox 848 3096 888 3159; x_wconf 89' lang='lat' dir='ltr'><strong>ad</strong></span> <span class='ocrx_word' id='word_1_295' title='bbox 903 3095 1019 3159; x_wconf 90' lang='lat' dir='ltr'><strong>librum</strong></span> <span class='ocrx_word' id='word_1_296' title='bbox 1036 3096 1217 3180; x_wconf 71' lang='lat' dir='ltr'><strong>Sapientia.</strong></span> <span class='ocrx_word' id='word_1_297' title='bbox 1242 3099 1268 3159; x_wconf 84' lang='lat' dir='ltr'>F</span> <span class='ocrx_word' id='word_1_298' title='bbox 1269 3118 1315 3161; x_wconf 84' lang='grc'><strong>11-</strong></span> 
     </span>
     <span class='ocr_line' id='line_1_34' title="bbox 277 3181 1313 3270; baseline -0.008 -17"><span class='ocrx_word' id='word_1_299' title='bbox 277 3207 448 3253; x_wconf 75' lang='lat' dir='ltr'><strong>amerus.</strong></span> <span class='ocrx_word' id='word_1_300' title='bbox 484 3186 675 3270; x_wconf 75' lang='lat' dir='ltr'><strong>Quanquam</strong></span> <span class='ocrx_word' id='word_1_301' title='bbox 692 3181 825 3244; x_wconf 85' lang='lat' dir='ltr'><strong>Rufinus</strong></span> <span class='ocrx_word' id='word_1_302' title='bbox 840 3203 913 3244; x_wconf 93' lang='lat' dir='ltr'><strong>cum</strong></span> <span class='ocrx_word' id='word_1_303' title='bbox 930 3181 1089 3266; x_wconf 86' lang='lat' dir='ltr'><strong>vulgatus,</strong></span> <span class='ocrx_word' id='word_1_304' title='bbox 1104 3195 1175 3244; x_wconf 92' lang='lat' dir='ltr'><strong>tum</strong></span> <span class='ocrx_word' id='word_1_305' title='bbox 1190 3181 1225 3245; x_wconf 91' lang='lat' dir='ltr'><strong>in</strong></span> <span class='ocrx_word' id='word_1_306' title='bbox 1240 3182 1313 3246; x_wconf 91' lang='lat' dir='ltr'><strong>col·</strong></span> 
     </span>
     <span class='ocr_line' id='line_1_35' title="bbox 276 3265 1315 3358; baseline -0.007 -20"><span class='ocrx_word' id='word_1_307' title='bbox 276 3274 362 3358; x_wconf 91' lang='lat' dir='ltr'><strong>legio</strong></span> <span class='ocrx_word' id='word_1_308' title='bbox 379 3285 489 3336; x_wconf 89' lang='lat' dir='ltr'><strong>nostro</strong></span> <span class='ocrx_word' id='word_1_309' title='bbox 503 3270 631 3345; x_wconf 91' lang='lat' dir='ltr'><strong>MStns,</strong></span> <span class='ocrx_word' id='word_1_310' title='bbox 644 3268 741 3330; x_wconf 90' lang='lat' dir='ltr'><strong>habet</strong></span> <span class='ocrx_word' id='word_1_311' title='bbox 755 3265 787 3328; x_wconf 85' lang='lat' dir='ltr'><strong>in</strong></span> <span class='ocrx_word' id='word_1_312' title='bbox 802 3266 897 3342; x_wconf 80' lang='lat' dir='ltr'><strong>Isaio,</strong></span> <span class='ocrx_word' id='word_1_313' title='bbox 910 3281 1018 3331; x_wconf 89' lang='lat' dir='ltr'><strong>tamen</strong></span> <span class='ocrx_word' id='word_1_314' title='bbox 1033 3265 1137 3329; x_wconf 88' lang='lat' dir='ltr'><strong>editor</strong></span> <span class='ocrx_word' id='word_1_315' title='bbox 1150 3266 1315 3331; x_wconf 88' lang='lat' dir='ltr'><strong>recentior</strong></span> 
     </span>
     <span class='ocr_line' id='line_1_36' title="bbox 278 3349 1313 3424; baseline -0.008 0"><span class='ocrx_word' id='word_1_316' title='bbox 278 3361 389 3424; x_wconf 90' lang='lat' dir='ltr'><strong>Petrus</strong></span> <span class='ocrx_word' id='word_1_317' title='bbox 406 3354 549 3420; x_wconf 87' lang='lat' dir='ltr'><strong>Caeciari</strong></span> <span class='ocrx_word' id='word_1_318' title='bbox 563 3375 602 3418; x_wconf 87' lang='lat' dir='ltr'><strong>ex</strong></span> <span class='ocrx_word' id='word_1_319' title='bbox 617 3353 743 3417; x_wconf 90' lang='lat' dir='ltr'><strong>duobus</strong></span> <span class='ocrx_word' id='word_1_320' title='bbox 757 3352 861 3415; x_wconf 89' lang='lat' dir='ltr'><strong>Vatic.</strong></span> <span class='ocrx_word' id='word_1_321' title='bbox 878 3352 977 3415; x_wconf 88' lang='lat' dir='ltr'><strong>MSS.</strong></span> <span class='ocrx_word' id='word_1_322' title='bbox 991 3351 1024 3413; x_wconf 85' lang='lat' dir='ltr'><strong>in</strong></span> <span class='ocrx_word' id='word_1_323' title='bbox 1040 3349 1202 3415; x_wconf 84' lang='lat' dir='ltr'><strong>Salomone</strong></span> <span class='ocrx_word' id='word_1_324' title='bbox 1215 3353 1313 3416; x_wconf 87' lang='lat' dir='ltr'><strong>resti·</strong></span> 
     </span>
     <span class='ocr_line' id='line_1_37' title="bbox 276 3435 1313 3528; baseline -0.005 -20"><span class='ocrx_word' id='word_1_325' title='bbox 276 3444 349 3523; x_wconf 93' lang='lat' dir='ltr'><strong>tuit,</strong></span> <span class='ocrx_word' id='word_1_326' title='bbox 365 3443 483 3528; x_wconf 88' lang='lat' dir='ltr'><strong>aitque,</strong></span> <span class='ocrx_word' id='word_1_327' title='bbox 498 3439 670 3503; x_wconf 81' lang='lat' dir='ltr'><strong>Batonium</strong></span> <span class='ocrx_word' id='word_1_328' title='bbox 688 3437 869 3500; x_wconf 87' lang='lat' dir='ltr'><strong>observasse</strong></span> <span class='ocrx_word' id='word_1_329' title='bbox 883 3437 991 3501; x_wconf 91' lang='lat' dir='ltr'><strong>locum</strong></span> <span class='ocrx_word' id='word_1_330' title='bbox 1008 3435 1098 3499; x_wconf 90' lang='lat' dir='ltr'><strong>illum</strong></span> <span class='ocrx_word' id='word_1_331' title='bbox 1114 3437 1147 3500; x_wconf 94' lang='lat' dir='ltr'><strong>in</strong></span> <span class='ocrx_word' id='word_1_332' title='bbox 1161 3437 1313 3521; x_wconf 82' lang='lat' dir='ltr'><strong>pluribus</strong></span> 
     </span>
     <span class='ocr_line' id='line_1_38' title="bbox 276 3520 1313 3627; baseline -0.007 -32"><span class='ocrx_word' id='word_1_333' title='bbox 276 3527 499 3627; x_wconf 82' lang='lat' dir='ltr'><strong>manuscriptis</strong></span> <span class='ocrx_word' id='word_1_334' title='bbox 528 3525 595 3588; x_wconf 91' lang='lat' dir='ltr'><strong>dari</strong></span> <span class='ocrx_word' id='word_1_335' title='bbox 624 3522 701 3586; x_wconf 81' lang='lat' dir='ltr'><strong>libro</strong></span> <span class='ocrx_word' id='word_1_336' title='bbox 731 3521 911 3607; x_wconf 75' lang='lat' dir='ltr'><strong>Sapientiae.</strong></span> <span class='ocrx_word' id='word_1_337' title='bbox 961 3520 1103 3606; x_wconf 84' lang='lat' dir='ltr'><strong>Scaliger</strong></span> <span class='ocrx_word' id='word_1_338' title='bbox 1130 3522 1251 3587; x_wconf 86' lang='lat' dir='ltr'><strong>interea</strong></span> <span class='ocrx_word' id='word_1_339' title='bbox 1277 3523 1313 3588; x_wconf 90' lang='lat' dir='ltr'><strong>in</strong></span> 
     </span>
     <span class='ocr_line' id='line_1_39' title="bbox 275 3603 1313 3704; baseline -0.007 -24"><span class='ocrx_word' id='word_1_340' title='bbox 275 3614 443 3704; x_wconf 88' lang='lat' dir='ltr'><strong>posteriorr</strong></span> <span class='ocrx_word' id='word_1_341' title='bbox 458 3631 515 3674; x_wconf 90' lang='lat' dir='ltr'><strong>sua</strong></span> <span class='ocrx_word' id='word_1_342' title='bbox 529 3607 698 3674; x_wconf 75' lang='lat' dir='ltr'><strong>Eusebium</strong></span> <span class='ocrx_word' id='word_1_343' title='bbox 713 3604 854 3671; x_wconf 76' lang='lat' dir='ltr'><strong>Ch‘ronici</strong></span> <span class='ocrx_word' id='word_1_344' title='bbox 868 3607 1007 3672; x_wconf 90' lang='lat' dir='ltr'><strong>editione</strong></span> <span class='ocrx_word' id='word_1_345' title='bbox 1022 3606 1081 3670; x_wconf 88' lang='lat' dir='ltr'><strong>etsi</strong></span> <span class='ocrx_word' id='word_1_346' title='bbox 1102 3603 1165 3670; x_wconf 90' lang='lat' dir='ltr'><strong>hoc</strong></span> <span class='ocrx_word' id='word_1_347' title='bbox 1179 3629 1313 3673; x_wconf 89' lang='lat' dir='ltr'><strong>comma</strong></span> 
     </span>
     <span class='ocr_line' id='line_1_40' title="bbox 275 3690 1313 3788; baseline -0.01 -21"><span class='ocrx_word' id='word_1_348' title='bbox 275 3699 360 3788; x_wconf 88' lang='lat' dir='ltr'><strong>apud</strong></span> <span class='ocrx_word' id='word_1_349' title='bbox 377 3697 509 3762; x_wconf 84' lang='lat' dir='ltr'><strong>Esaiam</strong></span> <span class='ocrx_word' id='word_1_350' title='bbox 526 3707 633 3759; x_wconf 87' lang='lat' dir='ltr'><strong>extare</strong></span> <span class='ocrx_word' id='word_1_351' title='bbox 655 3693 836 3771; x_wconf 89' lang='lat' dir='ltr'><strong>confitetur,</strong></span> <span class='ocrx_word' id='word_1_352' title='bbox 852 3693 885 3757; x_wconf 93' lang='lat' dir='ltr'><strong>id</strong></span> <span class='ocrx_word' id='word_1_353' title='bbox 903 3706 1010 3756; x_wconf 88' lang='lat' dir='ltr'><strong>tamen</strong></span> <span class='ocrx_word' id='word_1_354' title='bbox 1029 3703 1122 3776; x_wconf 84' lang='lat' dir='ltr'><strong>putat</strong></span> <span class='ocrx_word' id='word_1_355' title='bbox 1141 3718 1183 3756; x_wconf 74' lang='lat' dir='ltr'><strong>aas</strong></span> <span class='ocrx_word' id='word_1_356' title='bbox 1201 3690 1313 3780; x_wconf 71' lang='grc' dir='ltr'><strong><em>ιζςγους</em></strong></span> 
     </span>
     <span class='ocr_line' id='line_1_41' title="bbox 274 3775 1313 3875; baseline -0.008 -24"><span class='ocrx_word' id='word_1_357' title='bbox 274 3784 431 3875; x_wconf 91' lang='lat' dir='ltr'><strong>quosdam</strong></span> <span class='ocrx_word' id='word_1_358' title='bbox 452 3780 610 3845; x_wconf 88' lang='lat' dir='ltr'><strong>infulsisse</strong></span> <span class='ocrx_word' id='word_1_359' title='bbox 628 3802 667 3842; x_wconf 88' lang='lat' dir='ltr'><strong>ex</strong></span> <span class='ocrx_word' id='word_1_360' title='bbox 686 3777 962 3864; x_wconf 84' lang='lat' dir='ltr'><strong>pseudepigrapha</strong></span> <span class='ocrx_word' id='word_1_361' title='bbox 984 3775 1144 3860; x_wconf 83' lang='lat' dir='ltr'><strong>Sapientia</strong></span> <span class='ocrx_word' id='word_1_362' title='bbox 1191 3776 1313 3843; x_wconf 86' lang='lat' dir='ltr'><strong>aloma-</strong></span> 
     </span>
     <span class='ocr_line' id='line_1_42' title="bbox 274 3861 1313 3952; baseline -0.007 -14"><span class='ocrx_word' id='word_1_363' title='bbox 274 3873 334 3938; x_wconf 87' lang='lat' dir='ltr'><strong>nis.</strong></span> <span class='ocrx_word' id='word_1_364' title='bbox 368 3868 466 3931; x_wconf 70' lang='lat' dir='ltr'><strong>’itala</strong></span> <span class='ocrx_word' id='word_1_365' title='bbox 486 3889 545 3952; x_wconf 88' lang='lat' dir='ltr'><strong>pro</strong></span> <span class='ocrx_word' id='word_1_366' title='bbox 565 3865 676 3950; x_wconf 78' lang='grc' dir='ltr'>Ἡσαΐᾳ</span> <span class='ocrx_word' id='word_1_367' title='bbox 693 3863 766 3927; x_wconf 86' lang='lat' dir='ltr'><strong>Cod.</strong></span> <span class='ocrx_word' id='word_1_368' title='bbox 780 3863 873 3929; x_wconf 84' lang='lat' dir='ltr'><strong>Bodl.</strong></span> <span class='ocrx_word' id='word_1_369' title='bbox 889 3885 947 3927; x_wconf 91' lang='lat' dir='ltr'><strong>seu</strong></span> <span class='ocrx_word' id='word_1_370' title='bbox 964 3861 1061 3927; x_wconf 85' lang='lat' dir='ltr'><strong>Savil.</strong></span> <span class='ocrx_word' id='word_1_371' title='bbox 1096 3863 1180 3930; x_wconf 87' lang='lat' dir='ltr'><strong>Mox</strong></span> <span class='ocrx_word' id='word_1_372' title='bbox 1203 3865 1259 3926; x_wconf 76' lang='lat' dir='ltr'><strong>inl</strong></span> <span class='ocrx_word' id='word_1_373' title='bbox 1283 3865 1313 3932; x_wconf 75' lang='grc' dir='ltr'><strong>δὲ</strong></span> 
     </span>
     <span class='ocr_line' id='line_1_43' title="bbox 272 3931 615 4046; baseline -0.029 -23"><span class='ocrx_word' id='word_1_374' title='bbox 272 3980 331 4046; x_wconf 87' lang='lat' dir='ltr'><strong>pro</strong></span> <span class='ocrx_word' id='word_1_375' title='bbox 348 3954 402 4019; x_wconf 70' lang='grc' dir='ltr'><strong>ἐπεὶ</strong></span> <span class='ocrx_word' id='word_1_376' title='bbox 417 3931 615 4036; x_wconf 72' lang='lat' dir='ltr'><strong>blaephorns.</strong></span> 
     </span>
     <span class='ocr_line' id='line_1_44' title="bbox 318 4030 1314 4119; baseline -0.008 -14"><span class='ocrx_word' id='word_1_377' title='bbox 318 4044 352 4106; x_wconf 89' lang='lat' dir='ltr'><strong>P.</strong></span> <span class='ocrx_word' id='word_1_378' title='bbox 374 4054 438 4118; x_wconf 86' lang='grc'><strong>195.</strong></span> <span class='ocrx_word' id='word_1_379' title='bbox 455 4038 477 4101; x_wconf 87' lang='lat' dir='ltr'><strong>l.</strong></span> <span class='ocrx_word' id='word_1_380' title='bbox 495 4049 541 4100; x_wconf 85' lang='lat'><strong>14.</strong></span> <span class='ocrx_word' id='word_1_381' title='bbox 564 4036 621 4099; x_wconf 78' lang='grc' dir='ltr'><strong>Θεέ</strong></span> <span class='ocrx_word' id='word_1_382' title='bbox 641 4034 750 4119; x_wconf 75' lang='lat' dir='ltr'><strong>ararip]</strong></span> <span class='ocrx_word' id='word_1_383' title='bbox 776 4039 789 4096; x_wconf 83' lang='lat' dir='ltr'><strong>i</strong></span> <span class='ocrx_word' id='word_1_384' title='bbox 809 4035 870 4106; x_wconf 72' lang='grc' dir='ltr'><strong>θεὸς</strong></span> <span class='ocrx_word' id='word_1_385' title='bbox 888 4033 936 4096; x_wconf 77' lang='grc' dir='ltr'><strong>καὶ</strong></span> <span class='ocrx_word' id='word_1_386' title='bbox 958 4037 1056 4119; x_wconf 71' lang='grc' dir='ltr'><em>πατὴρ</em></span> <span class='ocrx_word' id='word_1_387' title='bbox 1071 4031 1149 4096; x_wconf 84' lang='lat' dir='ltr'><strong>MS.</strong></span> <span class='ocrx_word' id='word_1_388' title='bbox 1163 4030 1314 4119; x_wconf 65' lang='lat' dir='ltr'><strong>Noffok.</strong></span> 
     </span>
     <span class='ocr_line' id='line_1_45' title="bbox 274 4117 1143 4207; baseline -0.015 -13"><span class='ocrx_word' id='word_1_389' title='bbox 274 4129 357 4195; x_wconf 87' lang='lat' dir='ltr'><strong>Mox</strong></span> <span class='ocrx_word' id='word_1_390' title='bbox 371 4119 686 4198; x_wconf 68' lang='grc' dir='ltr'>καταλιθοὸολησάντων</span> <span class='ocrx_word' id='word_1_391' title='bbox 701 4117 872 4207; x_wconf 79' lang='lat' dir='ltr'><strong>Hegesippi</strong></span> <span class='ocrx_word' id='word_1_392' title='bbox 885 4119 1036 4203; x_wconf 79' lang='lat' dir='ltr'><strong>Excerpl.</strong></span> <span class='ocrx_word' id='word_1_393' title='bbox 1051 4117 1143 4182; x_wconf 80' lang='lat' dir='ltr'><strong>Bodl.</strong></span> 
     </span>
     <span class='ocr_line' id='line_1_46' title="bbox 316 4202 1317 4292; baseline -0.005 -16"><span class='ocrx_word' id='word_1_394' title='bbox 316 4208 497 4278; x_wconf 74' lang='lat' dir='ltr'><strong>lbid.l.10.</strong></span> <span class='ocrx_word' id='word_1_395' title='bbox 519 4205 555 4282; x_wconf 69' lang='grc' dir='ltr'><strong>ιῖς</strong></span> <span class='ocrx_word' id='word_1_396' title='bbox 576 4213 630 4271; x_wconf 80' lang='grc' dir='ltr'><strong>τῶν</strong></span> <span class='ocrx_word' id='word_1_397' title='bbox 652 4205 836 4292; x_wconf 74' lang='lat' dir='ltr'><strong>lapion-vici</strong></span> <span class='ocrx_word' id='word_1_398' title='bbox 856 4202 1032 4291; x_wconf 69' lang='grc' dir='ltr'><strong>Ῥαχαέεἱμ]</strong></span> <span class='ocrx_word' id='word_1_399' title='bbox 1057 4204 1179 4270; x_wconf 82' lang='lat' dir='ltr'><strong>Merito</strong></span> <span class='ocrx_word' id='word_1_400' title='bbox 1204 4202 1317 4272; x_wconf 68' lang='lat' dir='ltr'><strong>Nice-</strong></span> 
     </span>
    </p>
   </div>
   <div class='ocr_carea' id='block_1_3' title="bbox 0 0 1362 4748">
    <p class='ocr_par' dir='ltr' id='par_1_3' title="bbox 0 0 1362 4748">
     <span class='ocr_line' id='line_1_47' title="bbox 0 0 1362 4748; baseline 0 2"><span class='ocrx_word' id='word_1_401' title='bbox 0 0 1362 4748; x_wconf 95' lang='lat' dir='ltr'><strong> </strong></span> 
     </span>
    </p>
   </div>
  </div>
 </body>
</html>
