2716 4748
299 274 518 346 santonas
540 275 666 343 Anus>
692 272 933 351 mannum.
1092 292 1134 368 53

99 454 144 512 ita
164 452 242 520 dico,
265 468 326 509 non
349 452 431 529 qnasi
454 452 575 510 mundus
596 450 705 510 alienus
727 452 766 508 sit
788 472 806 510 a
829 451 906 522 Deo,
929 451 1134 529 sedquoniam

97 552 265 637 hujusmodi
278 558 408 617 dationes
422 556 459 616 ab
473 557 536 615 aliis
550 559 722 637 accipientes
736 557 885 627 habemus,
900 558 1041 626 similiter,
1055 557 1134 617 velut

96 661 143 719 illi
156 661 193 720 ab
205 661 353 741 AEgyptiis
367 663 417 740 qui
429 681 489 720 non
503 662 633 720 sciebant
651 662 747 719 Deum
755 687 764 734 3
788 670 818 720 et
834 682 886 742 per
897 663 959 720 haec
972 665 1035 742 ipsa
1049 664 1134 740 erigi-

30 834 34 839 ,
97 785 162 825 mus
175 752 390 845 nobismetipsis
402 765 620 826 tabernaculum
632 767 707 827 Dei:
731 787 796 825 cum
815 767 889 825 bene
908 770 984 826 enim
1001 769 1134 826 facienti·

66 870 152 940 sbus
166 870 280 930 habitat
297 871 396 944 Deus3
420 872 659 949 quemadmodum
680 870 823 930 Dominus
842 873 902 931 ait:
935 883 949 911 ⁰
959 875 1051 931 Facite
1063 874 1138 955 volis

96 981 200 1037 οοοὶοοο
212 981 246 1037 de
258 979 420 1036 Mammona
432 980 593 1054 iniquitatis,
607 986 639 1035 ut
653 978 691 1046 lsi,
705 981 812 1054 quondo
821 978 1052 1055 fugatifueritis,
1066 982 1135 1037 reci-

93 1085 178 1160 piunt
195 1101 241 1141 vos
258 1086 288 1140 in
305 1091 406 1141 oeterrm
425 1083 608 1140 tabernaculo.
655 1083 850 1160 Quacumque
869 1085 955 1151 enim,
975 1105 1040 1141 curn
1059 1103 1135 1141 esse·

96 1206 161 1245 mus
174 1187 305 1256 Ethnici,
317 1188 352 1245 de
365 1186 508 1267 injustitia
520 1189 731 1265 acquisivimus,
744 1189 807 1245 brec
821 1207 908 1265 quum
922 1189 1133 1261 crediderimus,
1221 1220 1228 1241 x

96 1291 128 1348 in
141 1292 298 1350 dominicas
313 1291 450 1350 utilitates
465 1301 676 1361 conversantes,
685 1290 888 1371 justificamur.

48 1412 90 1465 10
136 1395 308 1455 Necessarie
331 1397 420 1473 igitur
442 1397 505 1454 haec
527 1398 556 1455 in
578 1407 649 1476 typo
670 1397 951 1476 praemeditabamur,
974 1408 1004 1456 et
1024 1399 1134 1458 Taber-

96 1501 233 1561 naculum
245 1502 303 1561 Dei
316 1522 353 1561 ex
365 1504 411 1560 his
424 1502 582 1561 fabricatur
595 1525 602 1559 :
625 1501 681 1560 illis
695 1504 809 1581 quidem
824 1502 903 1582 juste
917 1504 1133 1583 accipientibus,

95 1607 336 1684 quemadmodum
353 1609 529 1665 ostendimus
543 1633 551 1679 ;
575 1607 659 1667 nobis
673 1618 770 1665 autem
783 1610 977 1687 praeostensis,
992 1611 1041 1691 qui
1061 1611 1134 1667 inci-

94 1731 227 1790 peremus
245 1733 296 1793 per
315 1713 409 1771 aliena
427 1713 493 1772 Deo
512 1714 662 1771 deservire.
704 1712 846 1770 Universa
864 1714 940 1770 enim
954 1734 1017 1790 quae
1030 1734 1067 1771 ex
1080 1714 1135 1773 AE·

95 1826 186 1897 gypto
207 1818 349 1897 profectio
370 1817 458 1875 fiebat
477 1817 578 1896 populi
598 1838 616 1874 a
635 1817 713 1885 Deo,
727 1830 812 1896 typus
831 1827 860 1874 ct
880 1818 1049 1897 imago'fnit
1067 1839 1135 1898 pro-

47 1935 85 1984 15
94 1922 229 1981 fectionis
243 1922 392 1992 Ecclesiae,
403 1943 467 2001 quae
481 1933 543 1981 erat
553 1921 651 1979 futura
661 1942 697 1979 ex
708 1922 886 1980 Gentilibus:
905 1932 1022 2002 propter
1035 1925 1092 1982 boc
1106 1936 1135 1982 et

93 2029 125 2085 in
136 2027 194 2085 fine
205 2028 327 2086 educens
338 2049 401 2086 eam
412 2029 481 2086 hinc
494 2028 524 2084 in
538 2047 619 2085 suam
632 2027 839 2095 hereditatem,
852 2047 936 2104 quam
945 2048 1003 2085 non
1015 2028 1134 2106 Moyses

93 2134 212 2211 quidem
223 2133 347 2191 famulus
361 2133 429 2202 Dei,
445 2134 494 2191 sed
512 2133 597 2190 Jesus
615 2130 705 2189 Filius
720 2132 777 2189 Dei
791 2133 821 2189 in
834 2132 1031 2191 hereditatem
1045 2133 1134 2192 dabit.

93 2239 204 2316 Siquis
218 2250 315 2297 autem
328 2240 494 2317 diligentius
509 2238 642 2295 intendat
654 2238 710 2306 his,
725 2259 789 2316 quae
803 2260 821 2296 a
834 2238 988 2317 Prophetis
1002 2240 1136 2298 dicuntur

92 2343 211 2413 detine,
226 2353 256 2402 et
269 2363 455 2422 quaecumque
469 2344 488 2400 J
490 2362 599 2402 oannes
619 2343 772 2420 discipulus
792 2341 913 2401 Domini
927 2345 997 2401 vidit
1011 2347 1041 2401 in
1054 2347 1135 2424 Apo·

45 2449 216 2531 20calypsi,
234 2452 360 2508 inveniet
383 2452 497 2508 easdem
518 2448 617 2529 plagas
640 2449 839 2508 universaliter
862 2452 990 2529 accipere
1015 2452 1134 2521 Gentes,

92 2575 166 2633 quas
181 2566 251 2613 tunc
267 2554 461 2635 particulatim
480 2556 592 2634 accepit
605 2553 761 2632 AEgyptus.
802 2555 887 2614 Talia
904 2557 1034 2633 quaedam
1052 2577 1135 2615 enar-

92 2681 161 2719 rans
175 2662 212 2719 de
225 2663 350 2740 antiquis
365 2661 529 2740 Presbyter,
543 2663 594 2720 dte.
607 2663 657 2718 &c
671 2669 799 2737 utsupra
812 2664 888 2739 adp.
900 2663 948 2721 49.

137 2779 169 2829 2.
183 2765 300 2852 Usque
310 2765 344 2829 ln
354 2763 548 2830 hodiernum
561 2763 673 2849 diem]
692 2771 837 2842 Verbaque
847 2780 998 2842 sequuntur,
1008 2774 1058 2826 lvaer
1066 2781 1135 2827 sant.

93 2875 214 2934 Etenim
234 2876 294 2934 Lot
312 2896 372 2934 non
391 2897 427 2934 ex
441 2896 493 2933 sua
506 2875 666 2943 voluntate,
681 2894 773 2951 neque
788 2895 823 2933 ex
837 2895 889 2932 sua
902 2878 1136 2955 concupiscentia

41 2995 84 3044 25
93 2981 216 3049 carnali,
231 3000 324 3059 neque
341 3001 466 3050 sensnm,
480 3000 573 3057 neque
589 2981 794 3057 cogitationem
807 2979 970 3058 hujusmodi
981 2984 1135 3061 accipiens,

93 3087 306 3144 consummavit
318 3095 429 3165 typum.
466 3086 715 3148 Quemadmodum
735 3086 883 3164 Scriptura
902 3087 991 3144 dicit:
1017 3090 1078 3145 PEt
1092 3092 1135 3146 in-

93 3194 181 3250 travit
190 3189 278 3265 major
286 3200 365 3260 nato,
376 3200 404 3249 et
414 3194 543 3249 dornsimt
553 3211 614 3250 cam
623 3199 706 3268 putre
718 3210 767 3248 suo
780 3199 858 3248 nocte
872 3193 938 3249 illo:
952 3200 979 3249 et
991 3212 1044 3249 non
1056 3196 1136 3264 sciuit

93 3299 152 3356 Lot
165 3318 227 3356 cum
240 3301 370 3356 dornnret
384 3300 443 3365 ilio,
458 3306 486 3375 et
504 3317 565 3355 cum
579 3305 710 3373 surgeret.
741 3297 782 3354 Et
797 3298 827 3354 in
841 3298 953 3355 minore
966 3300 1022 3356 hoc
1036 3301 1131 3361 idem:
1159 3276 1166 3292 .

94 3405 137 3463 Ei
149 3406 300 3472 conscivit,
315 3404 419 3481 inquit,
434 3422 494 3460 cum
507 3405 647 3461 domeisset
659 3421 758 3470 secors,
772 3422 820 3460 nec
833 3424 893 3461 curn
905 3408 1070 3465 suffecisset.

36 3529 86 3582 30
94 3510 148 3585 Ml
162 3506 260 3582 εἰδότος
271 3513 320 3570 τοῦ
334 3504 412 3586 Λὼτ,
425 3506 493 3588 μηδὲ
515 3506 589 3592 ἡδονῇ
638 3506 795 3564 Nesciente
819 3508 908 3583 igitur
928 3509 1058 3578 homine,
1081 3530 1132 3569 ne·

93 3624 282 3706 δολεύοοινῖος,
297 3623 436 3708 οἰκονομία
450 3628 588 3689 marcasi-

638 3703 713 3758 satio
736 3702 946 3780 perficiebatur,
970 3724 1021 3784 per
1045 3725 1131 3783 quam

638 3799 701 3855 duae
720 3799 795 3867 filiae,
810 3800 840 3856 id
859 3812 912 3868 est,
927 3801 989 3858 duae
1006 3821 1130 3881 synago·

638 3915 693 3973 gae,
708 3897 744 3953 ab
763 3917 822 3955 uno
840 3908 870 3954 et
887 3899 987 3956 eodem
1005 3912 1086 3979 patre
1099 3904 1131 3962 in

91 3768 141 3824 το,
155 3746 186 3807 δι’
202 3743 232 3821 ἧς
246 3750 276 3808 ai
291 3742 587 3828 bo'o-ouvayuyal

91 3864 151 3927 ἀπὸ
170 3863 225 3938 ἑνὸς
246 3862 293 3925 καὶ
312 3869 361 3926 τοῦ
381 3864 464 3925 αὐτοῦ
477 3861 589 3947 πατρὸς

91 3981 353 4066 τεκοοοοοηοάμεοοο
371 3980 512 4064 {pionem
525 3977 588 4045 ἄνευ
639 3993 768 4053 sobolem
807 3996 950 4074 adoptatae
986 3998 1129 4074 significa·

289 4212 302 4241 ⁰
317 4209 378 4259 Luc.
388 4209 438 4259 xvi.
450 4220 475 4263 ο.
675 4213 689 4252 1’
707 4209 770 4260 Gen·
781 4209 832 4263 xix.
843 4219 885 4272 so,
897 4219 937 4262 as.

587 4306 639 4362 38
