2716 4748
159 302 226 387 306
499 296 884 373 Annornrrours.

160 467 366 534 consentiunt
380 468 599 555 manmcr‘rpti.
628 468 727 533 Panlo
740 488 837 556 supra
847 468 960 534 deerat
971 469 1007 533 in
1019 466 1100 535 MS.
1109 467 1202 535 Budl.

161 554 295 619 verbum
310 553 441 637 ἐγίνοντο.

206 640 240 701 P.
252 651 322 715 271.
338 636 404 701 l.3.
426 635 461 700 ὧν
482 638 529 701 nal
548 636 718 721 ὶέίτρωσαν]
736 637 775 700 In
789 634 903 703 codice
995 637 1029 701 lo
1103 635 1201 725 ‘tura

160 721 327 809 ἰξέτςωσαν,
341 721 574 808 quodverbum
591 721 672 785 mihi
686 743 888 808 nequaquam
904 742 969 807 neg
1018 743 1060 785 en
1086 745 1144 787 um
1156 723 1199 787 ri·
1237 722 1243 741 '

161 806 266 871 detur.
312 806 397 870 Cum
411 805 497 868 enim
515 805 616 869 rarius
635 805 679 889 sit
696 820 730 870 et
749 804 932 871 inusitatius
946 828 1047 891 quam
1063 805 1199 885 ἔξέπισον,

160 891 287 957 facilius
299 893 331 955 τὸ
346 889 499 975 ἂξέτρωσαν
513 903 675 955 mutatum
695 904 746 955 est
765 891 799 954 in
818 893 851 954 τὸ
868 890 1005 968 letemur,
1019 913 1125 978 quam
1139 890 1198 957 hoc

158 974 193 1040 in
207 975 300 1041 illud.
323 975 476 1061 ἰξίτρωσαν
496 973 598 1060 igitur
618 974 672 1038 hic
689 975 812 1060 passive
824 975 962 1039 sumitur
974 996 1036 1060 pro
1050 973 1198 1058 ἔξημὸλό·

158 1066 261 1138 θησαν.
284 1059 317 1122 id
330 1071 391 1137 est,
404 1057 539 1122 abortivi
552 1059 629 1123 facti
643 1073 731 1137 sunt,
744 1059 870 1123 excussi
888 1072 975 1137 sunt,
987 1057 1125 1144 ἔκτρομα
1136 1058 1195 1144 ἐγέ-

158 1168 243 1209 rama.
279 1146 365 1210 Quae
380 1143 570 1228 metaphora
583 1143 699 1207 iterum
720 1157 892 1228 usurpatur
909 1142 1005 1223 infra,
1019 1143 1080 1209 ubi
1094 1143 1198 1249 apum

158 1229 200 1293 de
213 1228 321 1313 lapsis.
339 1227 415 1311 (vid.
431 1248 465 1313 p.
477 1229 560 1309 284.)
585 1228 794 1293 Vannsrus.
838 1227 972 1313 Recepit
992 1227 1060 1291 hoc
1082 1231 1196 1315 ἑξπρο·

158 1337 213 1376 σαν
234 1312 268 1375 in
288 1324 473 1377 contextum
497 1323 572 1377 ante
592 1333 647 1376 me
668 1312 831 1377 Strothius
846 1333 906 1397 pro
923 1310 1120 1391 &firramex
1132 1311 1195 1377 cod.

158 1396 254 1484 Regio
268 1410 302 1462 et
320 1397 422 1462 Lecta
443 1397 547 1461 Venet.
566 1395 685 1483 quibus
702 1395 802 1471 addas
825 1396 902 1461 MS.
924 1395 1070 1482 Norfolc.
1108 1395 1196 1461 Idem

158 1503 290 1631 quffie
300 1479 629 1633 ῗᾶ4ονασζινθθωιευὲἕά.
633 1481 783 1629 {qtqoeln
794 1479 1090 1631 afflcasepiellatna
1101 1495 1198 1546 extat.

155 1567 813 1820 gmpllhritslllvohssl‘csniilohnlldergaldddt
825 1654 864 1713 rol
877 1611 952 1716 aule
964 1587 1197 1716 ldrdillrudddhl

188 1759 204 1799 ο
242 1758 283 1799 .e
346 1759 412 1798 oro
445 1781 453 1798 .
477 1798 481 1803 .
1147 1780 1150 1785 -

201 1820 287 1883 Ibid.
301 1819 324 1882 l.
341 1834 389 1883 13.
410 1804 465 1895 ulra
478 1823 647 1904 rumpitur
661 1822 693 1881 in
707 1825 761 1882 τῶν
775 1818 820 1883 δύο
834 1816 1003 1903 immulas]
1019 1819 1072 1883 Ex
1092 1817 1178 1885 eccle

155 1900 203 1967 sia
223 1903 346 1967 scilieet
365 1891 540 1985 Viennensi
561 1915 595 1966 et
613 1901 835 1987 Lugdunensi.
878 1905 963 1968 Haec
974 1915 1089 1969 autem
1103 1903 1196 1969 verba

154 1987 300 2072 inprimis
313 1988 455 2051 notanda
468 1999 554 2064 sunt,
570 2009 608 2051 ex
623 1988 742 2072 quibus
755 1987 924 2052 manifeste
936 2001 1084 2074 apparet,
1096 1988 1195 2054 Vten-
1247 2034 1248 2041 κ

156 2093 288 2171 nensem
308 2071 478 2170 ecelesiam
500 2070 631 2169 perinde
652 2093 691 2136 ac
713 2071 976 2172 Lugdunensem,
998 2083 1197 2172 suumotunc

154 2156 539 2325 {tttntmnltttn
550 2157 688 2320 ἓξὲξ
701 2156 1216 2307 ffitilfflllffi·

154 2325 231 2390 Ado
245 2325 435 2391 Viennensis
449 2327 482 2389 in
499 2323 675 2404 Chronico,
689 2263 821 2392 lustum
836 2340 913 2392 tunc
928 2326 1086 2411 temporis
1095 2324 1193 2391 Vien-

155 2432 287 2475 nensem
302 2412 491 2497 episcopum
507 2410 605 2473 fuisse
619 2409 707 2488 dicit,
723 2410 927 2497 eundemque
940 2409 1097 2475 diuturno
1112 2410 1194 2474 exsi-

153 2495 198 2560 lio
213 2509 409 2560 maceratum
426 2495 564 2580 palmam
585 2495 730 2580 martyrii
745 2497 901 2562 retulisse.
946 2497 1047 2559 Porro
1061 2495 1193 2560 verbum

153 2587 322 2666 conseptum
347 2579 660 2665 christophorsonus
686 2580 780 2643 vertit
802 2581 1030 2645 eximerentur:
1060 2582 1194 2666 Langus

152 2663 372 2752 deligerentur.
388 2664 576 2750 metaphora
589 2662 713 2728 videtur
727 2686 795 2727 esse
809 2688 829 2728 a
842 2665 999 2729 fructibus
1011 2665 1070 2751 qui
1083 2663 1193 2728 decer-

39 2758 42 2762 ’
153 2764 284 2835 puntur.
301 2752 510 2814 Vacemus
541 2749 725 2813 Massuetus
740 2749 875 2813 Dissert.
886 2750 918 2814 ii.
934 2749 968 2814 in
978 2751 1064 2812 Iren.
1076 2749 1152 2814 Art.
1165 2763 1192 2812 1.

153 2846 266 2899 contra
279 2832 447 2897 ostendere
460 2847 596 2898 conatus
616 2847 677 2912 est,
697 2833 822 2898 nullum
837 2833 986 2898 habuisse
1000 2833 1191 2919 episcopum

152 2938 193 2980 eo
209 2930 274 2980 tem
300 2937 354 2981 ore
365 2918 581 2981 Viennensem
597 2918 776 2998 ecclesiam,
791 2919 847 2983 sed
862 2941 881 2982 a
895 2917 1111 3003 Lugdunensi
1125 2918 1191 3004 epi-

152 3023 256 3088 scopo
275 2939 373 3066 luisse
392 3015 524 3066 rectam.
568 3000 666 3077 Certe
688 3002 789 3066 altum
811 3016 860 3066 est
881 3003 1044 3067 silentium
1063 3023 1123 3088 per
1141 3016 1195 3066 toa

153 3098 219 3151 tam
243 3085 411 3173 epistolam
435 3085 475 3150 de
498 3086 650 3173 episcopo
672 3087 858 3164 Viennensi,
881 3100 913 3150 et
939 3088 1043 3151 favere
1067 3086 1192 3152 videtur

152 3170 229 3238 huie
244 3172 408 3235 sentcntiae
429 3172 531 3249 locus,
545 3193 643 3256 quem
667 3173 851 3236 Mansuetus
874 3170 1018 3250 adduxit,
1035 3171 1069 3234 in
1087 3170 1147 3235 lib.
1161 3195 1190 3236 v.

151 3256 283 3321 Eusebii
303 3255 391 3320 Htsr.
413 3278 443 3319 c.
459 3271 509 3320 23.
532 3256 637 3320 Extat
658 3255 840 3335 etiamnum,
862 3256 907 3321 ait
927 3255 1101 3333 Eusebius,
1123 3256 1191 3342 epi·

152 3341 237 3405 stola
250 3346 302 3402 τῶν
317 3343 386 3404 nalal
399 3340 528 3404 Γαλλίαν
541 3340 698 3427 naporxlur,
709 3340 742 3414 ἃς
757 3344 898 3427 Εἰρηναῖος
911 3338 1067 3423 ἐπεσκόπει.
1091 3340 1191 3405 Porro

151 3424 192 3489 de
215 3423 324 3488 Gallia
344 3446 444 3510 agens
466 3426 530 3488 hoe
551 3425 679 3488 monuit
699 3425 934 3489 eruditissimus
954 3423 1138 3490 Bucherius
1159 3425 1191 3490 in

150 3507 245 3594 Betg.
266 3509 355 3572 Rom.
377 3508 434 3572 lib.
446 3510 509 3573 viii.
529 3531 599 3594 cap.
616 3525 669 3587 153
692 3511 904 3574 “Potuerunt
925 3509 966 3572 ab
987 3509 1082 3573 initio
1104 3508 1190 3573 binae

151 3601 173 3635 “
187 3593 330 3657 civitates
352 3594 393 3658 ab
416 3616 480 3657 uno
504 3594 572 3678 regi
593 3594 777 3678 pontifice.''
799 3615 902 3680 neque
923 3593 1013 3657 aliter
1031 3592 1193 3680 judicavit

151 3678 192 3743 de
216 3696 251 3741 re
274 3677 389 3756 isthac,
416 3679 443 3742 si
470 3680 553 3743 bene
575 3678 719 3758 memini,
744 3679 932 3744 Pearsonius
957 3678 990 3742 in
1009 3677 1190 3755 Annalibus

151 3763 217 3827 suis
235 3762 439 3848 Cypriorum.
483 3762 547 3826 Sed
567 3762 724 3827 aValesii
743 3776 829 3828 stant
846 3763 993 3849 partibus
1013 3764 1191 3828 Ruinartns

150 3851 224 3913 Aet.
239 3849 427 3931 Martyrum
440 3869 473 3932 p.
487 3854 536 3911 63.
551 3846 603 3911 ed.
617 3847 726 3913 Amst.
738 3861 772 3913 et
785 3847 967 3913 Lardnerus
982 3847 1115 3913 Testim.
1129 3849 1190 3913 Ju-

151 3933 231 3999 date.
246 3943 277 3996 et
291 3932 421 3997 Ethm'e.
435 3933 498 3996 vol.
509 3933 542 4005 ii,
558 3953 628 4017 cap.
645 3947 692 3996 15.

193 4019 228 4082 P.
240 4030 311 4094 272.
325 4016 390 4081 l.3.
413 4016 548 4101 Θυέςεια]
574 4015 684 4089 &virtu
702 4018 749 4081 ed.
771 4016 878 4102 steph.
913 4018 1017 4083 Vetus
1040 4015 1112 4080 haec
1133 4016 1191 4080 ad·

150 4122 257 4169 versus
273 4101 472 4168 Christianos
490 4101 670 4169 criminatio
679 4126 693 4182 ς,
713 4126 785 4189 quae
802 4103 911 4168 forsan
930 4102 1006 4173 inde
1027 4100 1191 4188 originem
