2716 4748
546 293 858 398 onerario.
1010 275 1022 399 ᾗ
1157 294 1227 395 xa

180 480 406 580 martyribus
423 491 461 553 et
475 481 614 554 sanctis
629 480 708 555 Dei
729 479 850 580 modis
867 478 1043 553 omuibus
1056 479 1101 553 in.
1114 479 1228 579 serip-

180 605 226 679 tis
241 606 317 680 suis
332 604 539 695 detrahant,
552 616 663 701 atque
677 604 748 676 alia
760 630 869 702 super
886 602 956 676 alia
972 603 1049 676 ausi
1067 603 1227 702 impium

180 729 383 803 convitium
406 728 455 800 iis
468 727 585 801 facere
609 739 797 826 pergant·
823 725 902 799 Sed
918 752 1002 799 vero
1019 725 1059 799 in
1076 725 1229 822 antiqua

181 852 254 926 lide
269 849 503 927 reformanda
520 850 728 923 libertatem
745 848 888 947 egregie
903 848 1024 921 finivit
1034 847 1229 939 olimVin7

179 976 325 1049 centius
348 973 554 1047 Lirinensis
576 999 657 1071 cap.
673 986 736 1047 30.
763 971 1039 1047 Commonitorii.
1074 969 1152 1042 Fas
1174 983 1231 1049 est

181 1101 321 1186 etenim,
346 1098 484 1194 inquit,
513 1113 555 1171 ut
574 1099 703 1195 prisca
731 1094 796 1169 illo
825 1095 973 1169 celestis
995 1092 1229 1192 philosophia

181 1222 352 1318 dogmata
375 1245 551 1317 processa
579 1219 761 1317 temporis,
791 1233 1020 1315 crearentur,
1048 1218 1230 1307 tacentur,

175 1345 393 1444 poliantar3
418 1345 486 1417 sed
499 1343 609 1442 nefus
631 1360 684 1416 cst
705 1358 748 1416 at
773 1356 1045 1434 commententur,
1062 1341 1172 1440 nefas
1186 1356 1230 1415 rot

182 1469 453 1558 detruncentur,
481 1483 524 1540 at
556 1468 789 1539 mutilentur..
826 1465 1022 1562 Accipiunt
1050 1466 1131 1538 licet
1151 1465 1232 1559 ,eoi-

182 1574 353 1679 dentiam,
368 1592 492 1678 lacem,
509 1589 769 1661 distinctionem
782 1618 796 1671 ς,
812 1589 881 1661 sed
893 1588 1073 1659 retineant
1089 1573 1233 1678 neccsse

181 1729 234 1791 ea
243 1705 520 1809 panitariam,
537 1711 795 1807 integritatem,
811 1709 1083 1806 proprietatem.
1128 1709 1237 1785 Nom

179 1835 342 1909 aisencel
358 1835 516 1907 uacasse
530 1831 659 1930 faerit
677 1830 749 1905 leae
770 1831 885 1929 impia
896 1831 1057 1930 frondis
1073 1832 1232 1925 licentia,

181 1958 310 2032 torreo
328 1959 454 2045 dicere,
471 1972 646 2057 quantam
668 1956 927 2030 exscindendae
947 1969 1058 2054 atque
1081 1960 1233 2034 abolen-

181 2082 244 2177 (lae.
255 2081 445 2179 religionis
459 2081 666 2178 pericnlum
682 2095 931 2185 consequatur.
964 2079 1058 2153 Haec
1075 2082 1233 2181 scriptor

181 2205 357 2301 antiquus
383 2205 428 2276 de
454 2205 580 2278 saeculi
607 2205 662 2277 sui
689 2204 938 2294 novatoribus,
967 2206 1231 2281 correctoribus

181 2329 351 2402 videlicet
378 2328 564 2425 religionis
590 2328 734 2418 veteris,
755 2328 1035 2426 nominumque,
1048 2343 1092 2403 ut
1112 2331 1231 2424 aiunt,

182 2453 307 2527 oculos
332 2453 616 2549 configentibus,
644 2452 707 2548 qui
734 2452 928 2525 Sacrorum
956 2452 1232 2550 seripturarum

183 2574 355 2672 dogmata
375 2587 415 2665 et
433 2597 532 2663 verm
552 2575 798 2674 philosophiae
823 2575 960 2649 limites
984 2577 1237 2675 aspernaban-

177 2710 253 2789 tur.
343 2748 353 2753 ‹·
388 2744 396 2781 ·.

210 2819 361 2895 'Missis
394 2830 520 2893 'autem
555 2819 805 2917 peritioribue,
832 2819 888 2892 uti
919 2846 997 2893 sese
1031 2822 1232 2920 appellant,

183 2942 418 3030 Christianis,
446 2943 510 3038 qui
537 2941 612 3015 fide
642 2944 694 3016 ab·
716 2943 825 3017 initio
854 2943 1001 3035 tradita,
1025 2969 1138 3040 quam
1165 2971 1231 3044 po·

183 3066 257 3140 suit
282 3065 453 3154 Christus
480 3077 519 3138 et
543 3065 752 3164 rigaverunt
777 3067 945 3166 apostoli,
968 3067 1123 3141 minime
1141 3093 1232 3144 con·
1256 3097 1259 3101 ’

182 3189 279 3275 tenti
291 3200 395 3278 sunt,
408 3186 476 3260 seu
486 3189 607 3261 solent
620 3188 729 3261 alium
743 3188 943 3285 quandam,
956 3190 1146 3277 meliorem
1160 3191 1232 3266 sci-

182 3313 270 3386 licet
292 3326 331 3386 et
350 3313 641 3410 exquisitiorem
659 3315 844 3411 postulare
867 3314 1082 3412 religionem
1096 3346 1118 3401 ;-
1134 3341 1231 3390 mer-

182 3464 241 3512 ces
265 3465 335 3536 ego
358 3437 600 3537 proponendo
625 3463 728 3511 meas
747 3439 1038 3512 illorumsolum
1065 3462 1232 3513 eommo-

182 3560 239 3632 dis
266 3542 441 3657 profiteor
469 3561 672 3649 consulere,
699 3561 762 3656 qui
790 3562 861 3632 hoc
886 3562 1088 3659 plurimum
1116 3562 1230 3637 inter-

182 3709 260 3756 esse
276 3675 607 3756 fidei-Christiana
630 3683 856 3773 existiment,
873 3697 917 3756 ut
939 3684 1131 3757 sententiae
1150 3704 1232 3758 res·

182 3806 254 3902 que
279 3819 392 3902 gestae
415 3807 623 3896 hominum,
642 3807 705 3902 qui
724 3807 771 3878 ab
788 3807 865 3902 ejus
887 3806 1003 3880 initiis
1021 3821 1129 3880 aetate
1145 3835 1230 3907 pro·

182 3926 265 4028 pius
283 3928 498 4020 abfuissent,
516 3930 787 4004 accuratissime
805 3954 846 4002 ac
864 3929 1144 4029 diligentissime
1166 3957 1229 4006 ex-

183 4051 394 4146 quirantur;
414 4053 485 4125 hoc
497 4054 598 4126 enim
617 4052 662 4124 ad
681 4052 961 4125 illustrationem
979 4065 1017 4126 et
1033 4057 1229 4128 confirma-

181 4162 324 4249 tionem
337 4175 505 4251 veritatis
525 4177 566 4252 in
590 4176 741 4252 ecclesia
767 4188 915 4273 serratae
932 4178 1093 4255 maxime
1110 4179 1229 4255 valere
