2716 4748
224 297 274 369 μ
431 328 436 338 .
468 214 747 363 aetrnum
777 278 985 349 sacam.

221 461 258 518 et
270 448 441 530 nutriebat,
454 463 485 516 et
488 451 604 539 fuerat
619 470 688 517 nam
702 476 748 533 aa,
761 463 792 518 et
807 451 967 538 mmfiliis
979 453 1045 540 ejas
1055 451 1203 540 pariter.-
1225 451 1269 518 de

222 575 306 648 pane
318 582 372 625 sao
385 560 604 655 manducabat,
619 573 650 626 et
672 561 710 626 de
721 561 825 625 'calice
846 561 976 641 bibebat,
990 571 1020 625 et
1034 572 1103 626 erat
1117 559 1146 626 ei
1169 560 1268 651 qnasi

211 668 305 758 filia.
347 670 396 736 Et
408 670 492 736 venit
505 670 610 759 barpes
624 671 741 737 bamini
758 670 862 753 diviti,
875 684 906 738 eb
922 671 1063 759 pepercit
1075 671 1215 758 accipere
1226 671 1269 738 de

223 792 322 868 'grege
335 777 527 844 ovicularum
540 802 679 861 saaram,
695 791 724 846 et
746 781 784 846 de
801 781 949 870 gregibar
970 782 1060 847 baum
1077 802 1216 862 suornm,
1233 791 1269 848 et

212 890 327 980 faeere
341 889 477 976 hospiti.-
500 903 532 957 et
551 891 669 989 aceepit
691 891 843 957 nebulam
864 892 925 958 viri
943 891 1102 978 pauperie,
1116 901 1148 957 et
1167 908 1296 980 appo-a

223 999 289 1066 suit
306 1000 369 1066 viro
383 1000 438 1090 qai
451 1014 575 1068 venerat
589 1003 633 1068 ad
646 1024 725 1068 eum.
754 1003 858 1068 iratas
871 1012 917 1068 est
930 1013 1035 1068 autern
1048 1000 1160 1067 David
1170 1016 1269 1088 saper

223 1106 376 1176 bominem
389 1110 481 1177 illam
495 1112 596 1194 valde,
608 1125 642 1178 et
656 1113 739 1178 dixit
751 1114 795 1179 ad
807 1113 960 1179 Natban:
987 1111 1077 1177 Vivit
1091 1109 1268 1190 Dominus,

223 1221 471 1313 qttanianrfilius
482 1223 592 1289 mortis
603 1235 648 1290 est
659 1223 744 1290 borno
756 1224 811 1290 ille
821 1225 964 1314 qnifeaib
977 1224 1051 1291 boe:
1068 1235 1098 1290 et
1106 1221 1271 1291 evitabam

223 1333 331 1400 reddet
343 1332 554 1421 quadruplam
565 1350 622 1420 pra
636 1358 672 1402 eo
687 1325 992 1424 quodfeeitfaetam
1006 1333 1083 1399 boet
1106 1345 1138 1400 et
1156 1348 1269 1420 praee

223 1443 307 1533 qaod
314 1465 375 1507 nan
382 1443 522 1530 pepercit
529 1444 673 1529 pauperi.
694 1445 743 1517 Et
754 1444 929 1510 aitadeana
938 1443 1086 1508 Nabban:
1104 1440 1318 1522 Taesuir,to

223 1552 397 1642 qaifeeisti
410 1552 466 1618 bon
473 1580 487 1634 ,-
507 1565 541 1619 et
559 1554 708 1643 deinceps
722 1555 843 1643 reliqua
860 1556 1055 1643 exsequitur,
1069 1554 1272 1642 exprobrans

222 1683 313 1742 eum,
327 1676 360 1729 et
373 1685 562 1729 enumerans
576 1665 610 1730 in
623 1688 698 1730 eum
712 1666 778 1731 Dei
795 1665 960 1744 beneficia,
975 1677 1009 1729 et
1022 1663 1175 1751 quoniam
1189 1684 1269 1728 exa-
1330 1666 1341 1683 ⁹

222 1771 366 1838 cerbavit
383 1772 576 1852 Dominum,
592 1795 669 1837 cum
682 1772 811 1839 fecisset
827 1773 901 1839 hoc.
944 1775 1024 1840 Non
1035 1772 1124 1839 enim
1137 1772 1271 1858 plaeere

149 1888 154 1901 ’
222 1881 299 1950 Deo
315 1880 503 1969 hujusmodi
517 1882 748 1967 operationem,
763 1883 818 1948 sed
832 1883 912 1948 iram
926 1905 1081 1971 magnam
1095 1883 1271 1951 imminere

223 1991 337 2059 domui
357 1990 439 2079 ejus.
484 1990 709 2078 Compunotus
734 2004 783 2056 est
806 2005 916 2058 autem
938 1994 1045 2061 David
1069 1992 1111 2059 ad
1131 1993 1218 2074 haec,
1233 2005 1316 2065 et15

223 2100 291 2171 ait:
314 2100 443 2167 Peaeavi
457 2099 591 2164 Domina
603 2127 617 2179 ,-
635 2111 668 2165 et
680 2100 696 2147 d
708 2100 870 2168 Psalmum
885 2103 1176 2191 exhomologeseoe
1189 2116 1270 2191 post

223 2212 393 2302 psallebat,
402 2211 574 2277 adveutum
584 2211 720 2281 Domini
730 2212 902 2291 sustinens,
914 2212 971 2300 qui
984 2211 1087 2278 abluit
1099 2194 1133 2279 et
1147 2235 1270 2281 emun-

222 2322 281 2390 dat
305 2344 381 2389 eum
405 2320 571 2387 hominem
599 2320 657 2408 qui
680 2333 813 2407 peccato
838 2321 943 2386 fuerat
969 2321 1155 2388 obstrietus.
1211 2321 1269 2391 si·

223 2430 473 2503 militer-autem
491 2445 525 2503 et
547 2428 588 2494 de
607 2428 792 2508 Salomone,
807 2450 882 2494 eum
896 2441 1110 2515 perseveraret
1116 2426 1270 2516 judicare
1342 2462 1345 2466 ·

222 2554 311 2608 recte
324 2554 357 2607 et
371 2539 559 2628 sapientiam
575 2560 732 2617 enarrare,
743 2550 777 2603 et
791 2549 906 2626 typum
919 2539 983 2604 veri
997 2538 1112 2626 templi
1127 2537 1322 2615 aedifica-20

223 2649 340 2733 babet
353 2649 473 2734 glorias
488 2648 670 2735 exponebat
687 2647 762 2726 Dei,
777 2660 811 2712 et
829 2647 1038 2713 adventuram
1052 2669 1169 2734 pacem
1183 2667 1269 2733 gen·

147 2820 151 2829 .
223 2760 313 2827 tibus
327 2758 546 2836 annuntiabat,
558 2768 592 2820 et
608 2756 730 2820 Christi
743 2777 879 2841 regnum
893 2758 1132 2844 praefigurabat,
1145 2769 1200 2831 eet
1215 2757 1270 2822 lo-

223 2870 384 2960 quebatur
398 2868 459 2933 tria
471 2866 573 2931 millia
585 2864 810 2952 parabolarum
826 2865 859 2930 in
879 2866 1049 2932 adventum
1071 2867 1222 2949 Domini,
1235 2880 1272 2938 et

224 2976 485 3067 quinquemillia
505 2976 715 3054 canticorum,
730 2975 886 3064 hymnum
909 2976 1018 3043 dicens
1041 2980 1128 3057 Deo,
1143 2990 1177 3044 et
1191 2999 1271 3044 eam
1297 2999 1302 3005 ·

223 3110 299 3178 quae
312 3100 361 3153 est
375 3088 408 3152 in
422 3085 605 3152 conditione
622 3088 667 3171 (τῇ
681 3083 786 3167 κτίσει)
801 3085 988 3171 sapientiam
1003 3086 1069 3151 Dei
1084 3087 1322 3174 exponebatns

223 3197 449 3288 physiologice
463 3197 606 3263 exomni
620 3196 721 3282 ligno,
731 3211 765 3262 et
775 3196 815 3260 de
830 3197 919 3261 omni
932 3197 1043 3277 herba,
1053 3209 1087 3263 et
1098 3198 1141 3264 de
1151 3198 1271 3265 volati-

224 3311 311 3379 libus
326 3310 488 3387 omnibus,
502 3321 537 3373 et
551 3307 592 3372 de
606 3305 879 3393 quadrupedibus,
890 3320 924 3371 et
938 3306 980 3370 de
991 3308 1135 3393 piscibus
1140 3333 1150 3388 3
1167 3321 1203 3372 et
1218 3309 1272 3376 di·
1337 3291 1339 3295 Ι

223 3421 336 3489 cebet:
359 3419 417 3486 fsr·
430 3441 498 3483 nere
512 3420 609 3496 Deae,
622 3438 712 3503 quem
726 3413 797 3479 aceli
813 3437 873 3479 non
887 3415 1027 3500 capiant,
1042 3433 1133 3503 snper
1149 3429 1272 3485 terram

225 3531 379 3609 habitabit
394 3552 464 3596 eam
478 3527 677 3594 bominibus?
699 3537 734 3590 et
745 3526 894 3611 placebat
908 3528 995 3604 Deo,
1011 3540 1045 3592 et
1059 3551 1175 3593 omnes
1189 3552 1271 3597 eum

224 3647 476 3722 admirabantur,
501 3655 534 3707 et
555 3661 667 3704 omnes
690 3660 782 3724 reges
809 3652 900 3703 terrae
931 3640 1120 3724 quaerebant
1149 3638 1325 3728 faciemao

226 3759 309 3848 ejus,
322 3771 361 3824 ut
373 3757 521 3824 audirent
540 3751 726 3840 sapientiam
746 3748 827 3838 ejus,
842 3771 938 3836 quem
954 3749 1087 3815 dederat
1101 3749 1150 3815 illi
1162 3751 1273 3832 Deus,

225 3881 287 3935 aet
299 3866 412 3955 regina
424 3863 537 3931 Austri
553 3885 573 3927 a
588 3860 703 3926 finibus
718 3871 811 3925 terrae
824 3858 969 3923 veniebat
983 3859 1127 3940 adeum,
1141 3861 1274 3948 sapien·

66 4042 68 4047 ,
226 3979 319 4062 tiam,
337 3999 412 4068 quae
431 3975 465 4042 in
486 3995 526 4040 eo
547 3985 627 4050 erat,
647 3964 784 4049 scitura3
806 3989 905 4054 quam
926 3978 960 4032 et
979 3969 1144 4038 Dominus
1167 3971 1216 4039 ait
1238 3972 1273 4041 in

388 4147 657 4199 dPsalm.l.vid.not.
776 4203 784 4216 ·
828 4141 942 4204 ‘aliea
954 4143 985 4190 iv.
999 4153 1040 4194 aa.
1051 4159 1102 4208 seq.

313 4252 316 4256 ·
389 4229 401 4293 ἰ
419 4231 614 4296 allegatum.
828 4225 1028 4305 quaesitae.
1111 4255 1114 4259 -
