2716 4748
143 222 147 231 ²
226 280 463 353 1111110111.
484 282 702 352 runursr.
725 280 966 363 cunnum.
1067 306 1112 379 95

73 454 200 522 habet:
223 454 351 522 Bresitlr
364 454 489 523 vebum
502 454 695 523 Hebraicum
708 469 764 524 est.
806 457 846 523 Id
858 469 920 524 tres
933 458 1015 547 signi
1054 484 1112 527 on·

77 541 192 607 11111111
204 540 354 622 sehabet,
368 541 473 622 idest,
488 542 522 607 in
536 542 702 630 principio,
717 555 746 607 et
762 545 796 608 ire
811 544 922 694 sepite,
937 557 968 610 et
983 546 1016 610 in
1025 546 1112 635 filio.

77 628 165 695 Quae
176 640 215 694 ut
225 628 396 693 Hebraicae
410 629 530 715 linguae
544 629 676 715 ignarus
689 631 825 717 scripsit,
857 631 970 696 iversas
982 633 1112 699 Patrum

74 714 295 801 expositiones
308 735 369 801 pro
379 713 509 780 diversis
523 714 809 801 significationibus
821 716 907 781 vocis
918 717 1045 782 Bresitlr
1058 740 1112 784 ac·

75 799 211 887 cipiens.
252 800 364 886 Atque
383 798 553 887 mysticam
569 801 668 865 istam.
672 799 823 886 principii
836 801 876 865 de
890 802 971 867 Filio
986 805 1113 903 exposi-

75 885 203 950 tionem
216 885 259 950 ab
273 884 425 950 Aristone
438 885 472 949 in
485 884 700 973 disputatione
717 886 894 951 adhibitam
909 888 1006 953 fuisse
1020 890 1114 955 lacile

75 970 202 1035 credo:
230 971 316 1036 sicut
333 983 367 1035 et
390 971 542 1035 Clemens
563 970 798 1036 Alexandrinus
820 994 859 1037 ex
887 974 1115 1041 Praedicatione

78 1054 166 1121 Petri
176 1056 311 1121 eandem
323 1057 469 1143 protulit,
482 1056 587 1156 (cujus
598 1058 693 1122 verba
704 1057 777 1121 dedi
788 1057 821 1121 in
830 1059 929 1123 Notis
941 1061 982 1125 ad
995 1062 1076 1124 tomi
1087 1063 1114 1126 l.
1131 1126 1133 1133 ,

74 1140 247 1229 Spicilegii
260 1163 334 1228 pag.
343 1148 427 1225 228.)
441 1142 609 1221 Basilrum,
621 1143 832 1207 Ambrosium
844 1144 988 1230 aliosque
1003 1168 1113 1211 recen·

76 1227 179 1291 tiores
192 1240 231 1292 ut
244 1242 380 1292 taceam.
415 1230 480 1292 Ast
494 1227 582 1314 quod
596 1229 629 1292 in
644 1229 787 1293 Hebraeo
802 1228 923 1293 lectum
938 1231 1053 1296 fuerit:
1075 1235 1114 1297 In

67 1310 146 1397 filio
162 1313 250 1377 Deus
260 1312 345 1398 feeit
360 1312 472 1377 coelum
487 1324 517 1378 et
533 1325 660 1394 terrum,
677 1315 724 1378 uti
738 1315 951 1379 Tertullianus
966 1330 1000 1381 et
1018 1317 1114 1382 Hila-

71 1395 145 1462 rius
165 1398 255 1463 baud
275 1399 497 1478 effutiverunt,
519 1400 566 1463 ita
584 1420 643 1463 nec
663 1401 704 1463 ab
725 1400 877 1464 Aristone
898 1401 1033 1482 dictum,
1056 1404 1114 1469 sed

75 1483 319 1571 Hieronymum
343 1484 376 1547 in
398 1484 472 1564 hoc,
487 1484 619 1571 perinde
638 1497 675 1548 ut
695 1485 852 1571 prioribus
872 1485 998 1552 duobus
1012 1488 1115 1553 citan-

78 1566 140 1647 dis,
155 1568 321 1633 memoriae
336 1568 464 1634 defectu
478 1584 535 1634 aut
548 1570 647 1634 nimia
661 1570 865 1635 festinatione
882 1571 1008 1657 lapsum
1023 1588 1114 1659 puto.

79 1652 271 1719 GuAmus.
317 1655 505 1720 Tertulliani
532 1654 652 1720 indicat
674 1656 755 1720 liber
780 1656 851 1720 ado.
877 1657 993 1722 Hermo
1017 1682 1114 1740 errem,

78 1760 149 1826 cap.
162 1753 213 1803 20.
228 1740 407 1827 profectam
423 1762 493 1804 esse
506 1740 590 1805 hanc
605 1742 836 1827 expositionem
851 1682 1115 1810 aProoerdiorum

78 1823 167 1904 loco,
182 1846 253 1912 cap.
264 1824 328 1889 viii.
342 1847 462 1889 comm.
474 1841 524 1889 22.
539 1826 596 1890 ubi
610 1826 650 1890 de
664 1849 699 1892 se
711 1828 780 1914 ipsa
794 1828 956 1913 Sapientia
973 1831 1037 1894 Dei
1056 1831 1115 1895 ha·

78 1908 146 1990 bet,
162 1910 251 1975 Deru
269 1911 404 1995 possedit
418 1934 467 1975 me
481 1911 515 1975 ia
529 1909 618 1975 initio
631 1912 753 1976 viarum
767 1934 904 1994 suorum,
919 1916 968 1978 vel
982 1930 1020 1981 ut
1034 1918 1114 1981 Ter·

75 1996 234 2061 tullianus
255 1996 309 2061 hic
331 2009 365 2061 et
386 2019 423 2061 su
446 2018 482 2060 ra
500 1996 635 2082 legerat,
653 1999 741 2063 Deus
762 1998 899 2062 condidit
919 2022 969 2064 me
989 2002 1115 2089 initium

79 2081 358 2146 viarum-suarum.
394 2083 410 2144 l
435 2103 487 2146 ern
509 2103 608 2168 porro
627 2083 768 2148 ostendit
785 2085 817 2147 S.
833 2085 997 2150 Methodii
1013 2088 1116 2169 locus,

76 2167 135 2253 -qui
150 2165 384 2255 sequitur,''0rs
397 2171 483 2254 erepti
496 2172 555 2247 rori,
567 2171 618 2232 Ἐν
632 2171 708 2255 ἀρχῇ
731 2169 838 2247 ἐποίησε
852 2172 897 2233 ris
911 2175 1053 2260 obposuisti,
1069 2179 1118 2253 τὴν

80 2254 237 2337 7517,le
252 2252 483 2337 (Methodius),
494 2256 585 2340 ἀρχὴν
600 2255 626 2316 ii
641 2258 724 2334 αὐτὴν
736 2258 783 2332 τὴν
797 2256 895 2338 σοφίαν
908 2258 1001 2342 λέγων
1013 2284 1066 2338 τις,
1080 2263 1117 2323 ἐκ

78 2335 112 2402 tis
125 2338 261 2423 apdpror,
270 2339 385 2425 λέγω
399 2342 457 2506 peip
472 2340 559 2426 παρά
572 2364 624 2403 τινι
637 2343 691 2402 τῶν
706 2345 737 2403 ἐκ
751 2346 788 2403 τῦ
801 2340 876 2404 θείου
888 2349 977 2429 χοροῦ
990 2344 1117 2429 λέγουσα

80 2424 146 2511 arrpl
162 2428 247 2501 αὐτῆς
263 2428 342 2508 (cor.
356 2430 438 2503 αὑτῆς
467 2426 513 2487 riv
526 2424 623 2512 epiros
634 2429 740 2504 τοῦτον,
755 2424 855 2512 Κύριος
869 2424 962 2489 iurari
975 2455 1012 2510 με
1026 2435 1118 2517 ἀρχὴν

80 2511 144 2574 iles
157 2513 243 2588 eriri,
255 2514 291 2585 εἷς
306 2509 378 2597 ἔργα
388 2512 473 2588 ariri,
483 2536 513 2573 to
529 2512 542 2573 i
555 2513 592 2574 τῦ
606 2514 700 2584 αἰῶνος
712 2510 869 2593 &resaisiri
881 2536 929 2592 με.
953 2513 1118 2580 Methodii

75 2592 131 2659 ·De
146 2594 281 2673 Orestis,
296 2616 329 2682 p.
339 2609 410 2660 345.
429 2594 481 2659 ed.
498 2536 696 2660 dombefisii.
741 2596 805 2660 Sed
821 2596 943 2681 primus
959 2600 1117 2682 omnium,

79 2680 170 2767 quod
185 2680 297 2760 sciam,
309 2696 384 2767 post
398 2682 584 2746 Aristonem
599 2681 682 2745 hanc
695 2682 867 2781 mysticam
881 2681 1118 2771 interpretatio-

79 2784 156 2831 nem
171 2777 224 2831 tot
238 2766 448 2852 scriptoribus
462 2767 630 2853 probatam
646 2767 756 2831 attulrt
770 2768 911 2831 Irenaeus
927 2769 983 2833 lib.
997 2771 1030 2834 ii.
1045 2794 1074 2836 c.
1086 2788 1117 2837 3.

76 2870 111 2937 p.
131 2863 201 2915 118.
222 2850 275 2915 ed.
295 2852 465 2927 Massueti.
508 2852 579 2916 Etsi
596 2852 738 2938 apertius
759 2851 794 2916 id
814 2853 901 2932 fecit,
924 2853 964 2918 ad
986 2857 1120 2923 meliora

76 2934 168 3001 tricis
183 2936 254 3001 istis
269 2950 373 3015 natus,
388 2938 558 3023 Origenes,
592 2939 626 3001 ui
642 2937 734 3002 initio
744 2938 960 3002 Homiliorum
971 2939 1005 3004 in
1020 2942 1119 3007 Gerre·

75 3022 140 3103 sin,
155 3022 214 3086 ubi
232 3022 397 3108 principio,
411 3029 444 3110 ηῑ
462 3025 550 3109 ἀρχῇ,
566 2960 608 3087 de
621 3023 731 3087 Verbo
745 3024 864 3088 Divino
879 3027 1037 3111 exposito,
1053 3043 1117 3093 sta·

76 3107 141 3171 tim
158 3122 235 3193 post
251 3107 314 3186 ait3
337 3107 409 3172 Non
430 3130 501 3195 ergo
523 3107 573 3170 tic
594 3107 764 3257 temporale
784 3108 912 3194 aliquod
928 3111 1117 3197 principium

76 3190 178 3272 dicit,-
194 3190 293 3257 sedin
307 3193 469 3280 principio,
486 3191 520 3255 id
532 3203 589 3271 est,
599 3192 632 3257 in
669 3193 952 3280 alvatere,fectum
965 3218 1029 3261 esse
1041 3199 1118 3264 dicit

78 3276 196 3343 coelum
217 3289 248 3342 et
271 3289 398 3357 terram,
413 3290 444 3342 et
463 3277 566 3343 omnio
587 3278 767 3365 quaefacta
785 3290 867 3343 sunt.
895 3281 990 3345 Tom.
1003 3282 1036 3346 ii.
1053 3285 1117 3370 Op.

80 3363 247 3449 Origenis,
260 3384 294 3449 p.
305 3378 355 3428 52.
370 3362 421 3428 ed.
436 3364 639 3428 Delaruaean.
668 3365 771 3430 Simili
784 3386 925 3452 quoque,
940 3389 999 3432 nec
1014 3373 1119 3456 magis

105 3447 254 3528 robabili,
267 3449 391 3513 ratione
405 3449 485 3514 illud
504 3449 613 3513 Genes.
628 3449 661 3513 ii.
673 3464 704 3514 4.
726 3448 743 3536 ᾗ
762 3451 851 3537 ἡμέρᾳ
871 3450 992 3529 ἐποίησεν
1006 3459 1018 3516 ὁ
1033 3460 1118 3534 Θεὸς,

81 3470 232 3683 {elifio
257 3535 406 3621 exposuit
432 3535 584 3599 Clemens
607 3534 702 3600 Alex.
729 3537 842 3601 Strom.
861 3536 900 3601 vi.
925 3558 957 3623 p.
975 3551 1043 3604 815.
1066 3542 1118 3606 ed.

109 3620 216 3683 otteri.

124 3704 225 3769 Nunc
239 3725 314 3768 vero
329 3704 440 3770 afferre
454 3704 535 3768 mihi
554 3705 656 3785 licuit,
669 3729 742 3792 quae
760 3705 948 3773 Gallandius
963 3709 996 3773 in
1012 3711 1121 3775 Prole·

84 3791 231 3874 gomenis
251 3788 292 3853 ad
312 3803 392 3854 tom.
408 3790 436 3853 l.
455 3788 658 3856 Bibliothecae
678 3815 744 3855 suae
769 3793 911 3870 Petrum,
927 3815 997 3880 cap.
1010 3819 1059 3859 xv.
1079 3797 1119 3862 de

41 3920 58 3941 2.
85 3875 236 3939 Aristone
251 3874 369 3939 Pellaeo
384 3878 415 3958 ξ.
435 3891 500 3939 111.
516 3875 576 3940 hac
592 3877 680 3941 dere
695 3876 728 3940 in
743 3877 949 3977 sequentibus
962 3884 1093 3945 notavit.

127 3959 212 4024 lbid.
223 3960 246 4024 l.
257 3977 303 4039 19.
319 3961 451 4044 falsum]
470 3960 600 4026 Falsum
613 3983 683 4027 esse
698 3975 811 4026 asserrt
824 3964 950 4027 Doctor
962 3968 1120 4033 maximus

88 4044 134 4123 (S.
146 4046 380 4133 Hieronymus)
394 4044 483 4133 quod
494 4046 528 4109 in
541 4068 579 4111 ea
593 4047 748 4146 scriptum
763 4064 842 4127 erat,
854 4048 945 4113 initio
955 4051 1120 4116 Geneseos

85 4130 117 4193 111
131 4130 275 4195 Hebraeo
291 4131 423 4197 haberi:
446 4133 485 4195 In
499 4130 576 4216 filio
591 4133 677 4219 fecrt
698 4134 784 4197 Deus
807 4132 921 4197 crelam
940 4146 969 4197 et
992 4147 1119 4201 terram.

85 4214 149 4283 sed
162 4215 351 4284 Aristonem
370 4216 609 4287 defendendum
630 4219 770 4306 suscepit
790 4219 1020 4299 Bartoloccius‚
1036 4222 1120 4287 Bibl.
