2716 4748
471 238 663 334 Amsro
694 264 952 332 essenus.
1186 286 1228 357 93

174 540 178 546 -
275 487 390 555 Celsus
404 486 536 576 quidam
549 488 584 552 in
598 485 792 575 Proefctione
810 486 959 553 Versicnis
973 485 1156 573 Deperditae

494 598 585 685 liujus
602 598 712 685 Operis
725 597 932 664 Aristoniani.

235 733 312 794 Illud
325 728 492 814 praclarum
506 746 591 814 atque
604 735 789 795 memorabile
802 720 1025 812 gloriosumque,
1036 732 1056 789 J
1058 734 1152 791 asonis
1167 732 1229 790 He·

192 837 266 897 broi
280 840 447 910 Christiani,
461 851 491 899 et
503 842 617 921 Papisci
629 841 818 900 Alexandrini
831 841 935 908 Judaei,
950 839 1164 917 disceptationis
1179 857 1230 894 oc·

166 946 304 1003 scurrit:
327 944 442 1004 Judaici
461 947 558 1004 cordis
576 946 753 1005 obstinatam
774 946 906 1003 duritiem
924 943 1051 1002 Hebrea
1070 942 1231 1002 monitione

194 1070 230 1109 ac
247 1051 306 1109 leni
324 1053 520 1130 increpatione
534 1051 673 1109 mollitam
680 1077 689 1124 ς
710 1052 857 1109 victricem
871 1053 902 1109 in
915 1049 1028 1129 Papisci
1042 1050 1128 1108 corde
1143 1049 1229 1106 Jeso-

193 1160 240 1215 nis
259 1157 296 1214 de
314 1158 436 1237 Spiritus
455 1158 554 1214 Sancti
575 1157 719 1215 infusione
740 1157 908 1214 doctrinam.
949 1156 1017 1218 Qua
1035 1155 1173 1235 Papiscus
1192 1155 1229 1213 ad

194 1262 373 1320 intellectum
386 1264 514 1321 veritatis
528 1262 678 1330 admissus,
693 1271 722 1318 et
741 1262 777 1318 ad
795 1264 929 1319 timorem
946 1262 1068 1320 Domini
1085 1263 1149 1341 ipso
1164 1263 1230 1321 Do·

195 1368 275 1424 miuo
288 1369 441 1425 miserante
454 1366 605 1434 formatus,
621 1375 650 1422 et
662 1367 692 1422 in
703 1364 723 1422 J
724 1384 803 1422 esum
817 1365 964 1422 Christum
978 1364 1084 1423 Filium
1096 1365 1155 1423 Dei
1168 1385 1231 1424 cre·

147 1470 279 1539 redidit,
289 1480 321 1528 et
337 1480 372 1527 ut
388 1470 567 1547 signaculum
580 1480 715 1539 sumeret,
730 1471 896 1549 deprecatus
911 1471 1049 1529 Jasonem
1062 1472 1229 1549 postulavit.

195 1576 306 1636 Probat
323 1578 380 1636 hoc
397 1580 536 1656 scriptura
555 1579 787 1636 concertationis
802 1581 940 1658 ipsorum,
954 1600 1017 1656 quae
1033 1581 1230 1638 collidentium

191 1686 271 1743 inter
293 1702 335 1752 se,
360 1682 474 1761 Papisci
499 1684 673 1741 adversantis
698 1685 822 1753 veritati,
841 1694 871 1741 et
891 1684 1007 1743 Jasonis
1028 1688 1179 1743 asserentis
1201 1697 1232 1744 et

196 1787 366 1845 vindicantis
375 1786 591 1865 dispositionem
601 1798 630 1845 et
641 1787 847 1866 plenitudinem
856 1789 975 1857 Christi,
985 1790 1078 1847 Graeci
1090 1791 1229 1848 sermonis

188 1910 282 1970 -opcre
297 1893 411 1969 signata
424 1902 477 1951 est.
501 1896 583 1952 Extat
593 1896 650 1951 haec
661 1895 786 1951 Praefatio
795 1896 830 1951 ad
838 1895 940 1952 calcem
951 1895 1062 1969 Operum
1070 1895 1096 1950 S.
1105 1895 1231 1969 Cypriani

195 1992 229 2047 ad
240 2011 300 2066 pag.
310 1998 354 2050 81.
364 1991 408 2048 ed.
419 1992 493 2048 rati.
