2716 4748
280 302 334 373 IN
353 302 590 372 HEGESIPPI
613 300 909 371 FRAGMENTA.
1049 319 1113 393 255
1190 376 1193 383 .

73 487 177 556 tatus,
191 476 376 555 carbonem,
390 489 428 541 ut
442 476 541 555 aiunt,
555 497 614 563 pro
627 475 776 542 thesauro
788 474 893 542 inveni
901 499 912 556 3
929 495 987 542 nec
1002 485 1112 543 tamen

77 584 137 650 spe
157 585 278 650 magna
299 562 461 648 depulsus.
504 565 601 627 Extat
619 576 773 650 praeterea
786 561 895 627 fabula
908 562 1055 649 quaedam
1069 562 1112 628 de

77 650 113 713 S.
128 649 301 736 symeone,
317 649 405 734 quia
425 649 458 712 S.
473 650 564 713 Luca
583 670 654 735 cap.
669 649 702 712 ii.
723 647 888 734 Evangelii
908 671 1111 715 commemo-

76 746 179 813 ratur,
193 735 235 799 ab
248 735 302 798 He
328 733 438 821 esippo
450 733 591 821 quodam
606 735 680 799 ficta
691 735 725 799 in
738 734 821 798 libro
833 735 884 803 De
894 733 1112 821 Supplenrento

75 819 284 920 Evangelicae
302 756 459 898 intratis,
481 842 577 907 quem
600 819 729 908 quidem
752 819 883 899 librum,
905 834 943 885 ut
961 820 1007 885 ait
1026 823 1111 887 Wa-

75 905 264 993 genserlius,
286 926 383 971 nemo
405 906 502 984 novit,
525 906 597 994 quis
619 906 672 985 sit,
697 920 793 971 etan
816 905 940 991 uspiam
962 907 1111 993 gentium

75 1004 177 1056 extet.
221 993 317 1055 Hanc
342 991 539 1056 historiolam
566 992 671 1057 videas
698 991 942 1078 apudeundem
962 995 1113 1078 Wagen·

75 1077 205 1142 sellium
221 1077 262 1141 ad
278 1075 354 1141 Tela
368 1079 465 1164 Ignea
480 1076 610 1142 Sotonae
625 1100 658 1176 p.
670 1091 740 1143 420.
779 1076 900 1142 Confer
914 1079 1010 1143 etiam
1025 1081 1112 1144 Leo·

75 1163 128 1228 nis
141 1162 253 1228 Allatii
264 1165 315 1226 De
328 1162 500 1228 Simeonem
517 1163 647 1248 Scriptzs
659 1163 836 1242 Diotrilen,
848 1162 888 1227 ad
903 1184 935 1249 p.
945 1179 975 1228 2.
999 1165 1113 1229 Petrus

74 1262 186 1314 autem
207 1247 248 1312 de
267 1250 391 1329 Marsa,
409 1249 455 1314 vir
475 1250 617 1327 illustris,
637 1249 670 1313 in
690 1249 796 1334 Epist.
812 1250 853 1313 od
870 1249 1024 1315 Valerium
1043 1252 1111 1314 Eu·

73 1334 168 1399 sebio
189 1334 363 1420 praemissa,
378 1330 520 1400 extitis'se
535 1336 580 1400 ait
597 1336 760 1420 integrum
773 1357 854 1420 opus
872 1335 1113 1400 Commentario-

73 1442 148 1484 rum
166 1420 347 1507 Hegesippi
370 1444 434 1485 non
454 1421 560 1486 solum
581 1422 710 1486 Eusebii
729 1420 897 1485 sedetiam
918 1421 1112 1508 Hieronymi

73 1507 299 1593 temporibus3
323 1507 516 1592 superfuisse
539 1529 668 1593 quoque
686 1506 821 1592 Georgii
843 1507 984 1593 Syncelli
1004 1520 1112 1586 aetate,

99 1593 135 1656 ui
148 1591 218 1679 ejus
232 1593 371 1657 auctoris
386 1593 604 1678 fragmentum
619 1593 741 1678 profert
754 1593 787 1655 in
802 1591 978 1671 Chronico,
993 1592 1081 1657 aliud
1093 1616 1114 1658 a

74 1615 278 1764 augmentis,
293 1701 366 1765 quae
382 1693 514 1764 praestat
528 1678 696 1742 Eusebius.
719 1675 794 1755 Sed,
805 1677 931 1742 etiamsi
945 1677 1113 1744 verisimile

75 1762 133 1842 eit,
147 1764 340 1855 Hieronymi
364 1765 563 1850 temporibus
583 1764 725 1828 extitisse
745 1763 926 1850 Hegesippi
946 1786 1115 1831 commen»-

73 1849 187 1930 turios,
203 1849 356 1936 quoniam
378 1850 434 1936 qui
455 1864 566 1935 postea
583 1849 661 1915 vixit
683 1848 828 1935 scriptor,
848 1848 1026 1934 Stephanus
1043 1851 1114 1915 Go-

73 1934 175 2000 barus
193 1935 279 2022 apud
299 1936 451 2000 Photium
466 1957 521 2000 eos
537 1935 704 2034 excerpsit,
718 1933 805 1998 haud
824 1934 988 2021 colligitur
1005 1948 1114 2001 tamen

74 2018 161 2085 illud
180 2040 219 2085 ex
240 2021 433 2109 Hieronymi
455 2021 496 2085 de
520 2023 708 2108 Hegesrppo
730 2019 909 2085 narratione
930 2022 963 2085 in
984 2019 1040 2085 lib.
1063 2023 1117 2086 De

80 2105 171 2170 Viris
184 2105 376 2187 Illastribns,
391 2107 447 2171 ubi
461 2108 579 2186 omnia,
595 2120 632 2171 ut
647 2108 740 2184 solet,
756 2126 795 2170 ex
812 2107 951 2170 Eusebio
972 2118 1114 2171 transtu-

75 2190 129 2271 lit,
144 2214 182 2257 ac
195 2215 253 2258 sua
266 2193 353 2257 fecit.
391 2195 501 2272 Porro,
517 2193 549 2255 ni
586 2214 692 2256 rorsus
706 2191 811 2270 fallor,
826 2214 917 2277 aeque
931 2213 1037 2256 verum
1053 2203 1115 2271 est,

77 2278 320 2366 Hieronymum
339 2300 497 2364 nusquam
516 2214 593 2341 alibi
611 2299 704 2341 usum
725 2298 793 2341 esse
815 2277 903 2342 hisce
921 2276 1114 2343 ecclesiasti-

77 2363 127 2428 cis
141 2365 284 2450 Hegesip
308 2365 318 2427 i
330 2363 429 2442 libris,
441 2363 628 2427 nominatim
641 2363 766 2448 prolato
781 2375 922 2441 auctore,
932 2362 992 2426 nisi
1006 2362 1061 2426 ubi
1074 2384 1115 2427 ex

77 2450 221 2515 Eusebio
235 2386 330 2514 verba
344 2447 567 2535 desumpserit.
607 2448 671 2512 Sed
688 2448 793 2512 multo
814 2448 919 2511 minus
933 2448 1059 2512 ostendi
1075 2469 1115 2512 ex

79 2535 217 2621 Georgii
236 2535 377 2624 Syncelli
394 2534 477 2598 libro
498 2558 518 2598 a
538 2556 701 2634 quoquam
721 2546 840 2620 potest,
854 2532 924 2620 ejus
940 2545 1044 2611 aetate,
1058 2534 1116 2620 qui

79 2622 202 2685 saeculo
217 2636 331 2686 octavo
345 2634 480 2686 exeunte
493 2620 631 2706 scnpsit,
644 2619 708 2684 boc
723 2640 805 2705 opus
821 2618 1026 2704 superfuisse,
1039 2641 1115 2684 cum

79 2706 181 2770 cuivis
195 2707 244 2771 vel
258 2706 501 2792 diligentissime
515 2705 737 2791 perscrutanti,
752 2704 887 2782 nullum,
902 2703 1027 2790 opinor,
1043 2706 1116 2769 He-

79 2792 209 2878 gesippi
233 2793 450 2878 fragmentum
476 2791 561 2878 apud
587 2792 767 2876 Georgium
793 2811 827 2854 se
853 2790 1037 2855 oblaturum
1062 2791 1115 2871 sit,

81 2877 173 2963 quod
197 2878 337 2941 Eusebio
359 2877 446 2942 hand
468 2877 612 2942 debitum
635 2877 758 2941 fuisset.
802 2874 960 2941 Nonnihil
982 2875 1114 2962 quidem

81 2962 224 3048 positum
239 2985 336 3047 supra
347 2977 396 3027 est
409 2962 451 3026 ad
464 2984 540 3051 pag.
552 2977 622 3026 200.
637 2963 659 3027 l.
671 2969 720 3027 26.
736 2960 825 3049 quod
841 2961 1028 3026 Gallandius
1043 2962 1118 3049 qui·

83 3046 172 3127 dem,
192 3061 230 3113 ut
254 3049 319 3112 illic
342 3048 417 3127 dixi,
439 3072 479 3113 ex
501 3050 646 3135 Georgio
670 3048 821 3136 Syncello
843 3047 1033 3133 desumpsit,
1058 3046 1117 3114 sed
1194 3096 1197 3103 .

81 3133 170 3220 apud
184 3134 359 3199 Eusebium
373 3137 461 3222 prius
476 3149 597 3200 extans.
