2716 4748
264 311 318 383 ΙΝ
336 310 471 383 EPIST.
489 311 715 386 VIENNEN.
734 314 792 381 ET
811 312 1088 391 LUGDUNEN·
1131 333 1195 405 325

152 477 244 551 eerle
258 485 388 588 enfide.
430 484 535 587 Atqui
554 483 800 586 Tillernontium
817 484 910 550 video
929 482 1094 551 vinculum
1114 485 1196 554 illud

152 591 322 721 ³⁸⁰de
337 571 840 742 ihlff‘lhllff,⁰2h{⁸¹¹liha
867 653 996 720 narn
1018 677 1080 721 vox
1104 656 1194 744 aa,

152 741 233 806 MS.
253 740 349 806 Budl.
387 742 526 806 Auctori
548 739 692 825 epistolae
715 740 748 802 in
772 753 915 803 mentem
939 740 1061 805 venisse
1083 741 1196 807 matria

151 824 242 890 illius
265 848 341 890 cum
366 840 491 911 septem
516 825 587 889 liliis
613 825 647 888 in
672 825 924 888 Maccahaeorum
947 825 1004 889 lib.
1018 825 1051 890 ii.
1078 846 1148 913 cap.
1164 838 1195 902 7.

152 921 243 975 recte
266 923 377 976 monet
400 910 572 997 Anglicus‚
595 930 693 996 quem
714 910 788 996 plus
811 908 1197 991 semel-commemoravi,

152 996 238 1060 inter
260 1017 321 1060 res.

198 1017 286 1144 Ibid.
305 1082 392 1144 l.16.
413 1085 489 1162 μετὰ
509 1082 541 1143 τὸ
562 1079 694 1163 τήγανον]
721 1077 914 1143 Οναίἱαιίαηι
935 1078 1029 1144 vertit
1050 1080 1196 1146 Rufinum

154 1163 251 1228 Idem
264 1165 360 1265 plane
374 1164 527 1251 estquod
542 1185 639 1248 supra
651 1164 775 1228 vocavit
788 1165 923 1228 ferream
934 1163 1133 1251 cathedram,
1145 1166 1199 1230 cui
1276 1205 1282 1214 ·

153 1247 301 1351 impositi
315 1263 484 1336 martyres,
499 1261 554 1313 tan
578 1270 653 1313 uam
668 1250 701 1312 in
716 1248 876 1335 sartagine
891 1250 1110 1314 torrebantur.·
1143 1248 1197 1315 Sic

153 1352 242 1399 emm
257 1335 478 1420 supradictum
492 1348 542 1398 est
556 1271 602 1397 de
624 1336 769 1444 Maturo,
785 1335 828 1397 erl
843 1340 921 1398 οτᾶοο
935 1340 983 1414 τὴν
996 1337 1106 1435 scheper
1119 1341 1197 1400 κοῶ-

153 1417 344 1569 berith
357 1419 1199 1591 etheelattttttrhtnllf’ttht,{tet}

153 1587 310 1652 cathedra
330 1609 392 1676 sup
437 1589 506 1653 sitis
526 1588 637 1674 prunis
658 1588 845 1653 ardentibus
867 1588 1026 1667 sederent,
1042 1600 1079 1653 ut
1099 1590 1197 1674 paulo

153 1683 231 1737 ante
245 1673 366 1760 legitur
403 1675 559 1740 eAttalo.
581 1675 792 1739 Vanasrus.

197 1757 288 1823 leid:
302 1759 324 1823 l.
340 1771 387 1835 17.
410 1765 508 1832 ἱκανῶς
529 1757 736 1841 eadhaedum]
761 1759 850 1822 Inter
870 1755 1050 1842 voluptates
1072 1757 1198 1845 amphi-

153 1841 320 1908 theatralis
338 1844 512 1945 spectaculi
527 1842 598 1906 haec
612 1856 692 1921 erat,
707 1856 745 1907 ut
758 1856 870 1907 taurus
884 1843 916 1906 in
930 1861 1060 1907 arenam
1075 1842 1197 1929 produ·

153 1939 293 2008 seretur,
306 1949 360 1999 cur
379 1929 413 1992 in
433 1929 575 1993 furorem
597 1927 760 1991 concitato
774 1928 887 1991 noxios
901 1927 1047 1992 homines
1062 1928 1198 2011 reticulo

152 2012 299 2077 inclusos
313 2013 509 2099 objiciebant
517 2038 527 2092 ;
551 2034 634 2099 quos
649 2012 704 2076 ille
720 2012 805 2078 velut
818 2011 901 2112 pilas
917 2013 950 2076 in
970 2013 1073 2078 altum
1090 2013 1197 2102 jacta-

153 2097 224 2163 bat.
267 2098 441 2162 Notissimi
455 2111 529 2162 sunt
545 2097 606 2161 hae
621 2096 711 2161 dere
726 2096 886 2162 Martialis
901 2118 1010 2162 versus
1021 2122 1038 2163 :-

243 2183 368 2247 Taurus
381 2194 418 2246 at
434 2182 595 2268 repositas
600 2182 709 2266 jactat
724 2183 766 2245 ad
779 2192 866 2246 astra
877 2181 972 2266 pilas.
1064 2228 1066 2235 .

153 2265 368 2335 Vauasrus.
591 2308 592 2312 =
680 2309 683 2315 ,
974 2308 992 2317 =·
1097 2314 1099 2318 -

200 2353 237 2416 P.
248 2365 319 2430 289.
332 2354 353 2416 l.
369 2367 396 2416 1.
419 2355 457 2433 μὴ
470 2352 498 2413 ll
512 2349 633 2428 αἵθησιν
648 2349 686 2415 ὅτι
700 2357 754 2415 τῶν
768 2318 1097 2434 σομὸοοονόΜχοσα]
1111 2350 1200 2415 Inter

153 2436 314 2515 miranda,
329 2460 402 2524 quae
422 2437 455 2499 in
477 2437 538 2499 hac
557 2436 723 2500 vexatione
745 2435 961 2519 contigerunt,
982 2433 1028 2496 vir
1049 2433 1200 2498 doct-issi·

153 2542 232 2586 mus
247 2522 333 2585 Hen.
348 2519 542 2587 Dorlwellus
562 2524 610 2598 τὴν
630 2519 804 2596 &careretur
825 2517 991 2583 Blandinae
1013 2519 1129 2584 merito
1149 2540 1200 2582 re-

152 2622 300 2685 censens,
313 2605 402 2669 idem
416 2605 607 2668 beneficium
629 2604 777 2668 divinum
795 2614 906 2667 menet
928 2603 1093 2687 Perpetuae
1114 2622 1201 2668 mar·

153 2703 170 2755 t
194 2691 234 2769 ri,
248 2690 380 2779 jactatae
398 2689 544 2754 similiter
557 2691 590 2753 in
606 2688 709 2753 altum
723 2711 743 2752 a
758 2702 863 2767 tauro,
879 2708 1069 2752 concessum
1089 2687 1200 2754 fnisse.

198 2774 293 2838 'scre
313 2776 346 2838 irc
368 2776 524 2839 Irenaeum
537 2774 570 2837 ii.
587 2776 639 2857 ξς.
651 2786 702 2838 43.
717 2787 752 2837 et
763 2779 814 2836 46.
858 2772 935 2840 Vid.
951 2784 985 2836 et
1006 2792 1104 2858 supra
1122 2775 1153 2858 ξ.
1167 2788 1198 2839 5.

153 2859 276 2924 horum
292 2860 477 2944 Fragment.
1072 2901 1076 2907 -

164 2964 174 2971 ·
200 2943 285 3008 Ibid.
307 2944 329 3007 l.
350 2959 381 3007 3.
408 2942 532 3026 ὁμιλίαν]
556 2942 633 3009 vid.
656 2943 823 3007 Valesium
849 2964 887 3006 su
910 2964 946 3005 ra
967 2941 1009 3004 ad
1033 2962 1073 3026 pa
1100 2954 1197 3007 .324.

154 3029 271 3095 Habet
286 3041 393 3092 autem
409 3028 575 3112 ὁμολογίαν,
588 3028 645 3091 sed
663 3027 769 3091 minus
783 3041 869 3113 apte,
929 3026 962 3090 S.
977 2963 1118 3112 Nerfolu

200 3112 287 3177 ibid.
311 3113 334 3176 l.
356 3117 386 3188 7.
408 3114 458 3175 ὑπὸ
483 3117 542 3197 γὰρ
564 3112 664 3199 ἀγρίου
688 3113 784 3198 θηρὸς]
810 3112 992 3196 Antiquum
1017 3120 1199 3196 serpentem

154 3197 253 3262 vertit
266 3198 411 3274 Rullum,
427 3196 608 3260 daemonem
624 3196 747 3260 scilicet
760 3195 879 3259 rectius
894 3196 958 3258 hoc
973 3194 1073 3259 modo
1088 3195 1156 3259 desi
1182 3228 1199 3246 ·

154 3282 436 3348 surrexerimus.
460 3281 557 3344 Certe
569 3283 686 3345 Graeca
695 3289 757 3344 'vox
769 3280 866 3344 etiam
880 3288 1059 3364 serpentem
1074 3216 1198 3368 signid-

153 3379 222 3432 cat.
259 3367 358 3432 Unde
378 3381 412 3430 et
433 3366 574 3429 theriace
597 3365 725 3429 dicitur.
764 3366 817 3428 Sic
833 3365 930 3449 paulo
947 3365 1029 3429 infra
1044 3370 1057 3429 ὁ
1071 3369 1124 3451 θὴρ
1138 3386 1199 3452 pro

154 3451 290 3516 diabolo
316 3451 466 3530 sumitur,
492 3450 548 3514 ubi
574 3450 746 3514 Museulus
771 3451 912 3535 viperam
935 3450 1044 3514 vertit,⁴
1072 3451 1197 3515 Vnus·

157 3548 262 3612 srbr.
306 3536 406 3601 Paulo
426 3547 500 3598 ante
520 3537 572 3599 oce
589 3534 658 3609 ὅλως
679 3554 738 3620 pro
758 3538 809 3597 οὐδ’
830 3532 901 3610 drag
917 3534 993 3599 MS.
1006 3534 1147 3620 Norfolc.
1162 3548 1197 3600 et

153 3622 257 3708 paulo
271 3633 346 3705 post
360 3621 436 3705 εἶχον
450 3642 509 3705 pro
523 3621 584 3704 εἶχε
599 3619 772 3684 ἱοίοποΜις.
797 3648 802 3653 ·

201 3704 287 3768 lbid.
301 3704 329 3767 l.-
339 3719 385 3768 1³.
407 3702 515 3786 ἄδικον]
536 3704 666 3768 Rectius
687 3705 719 3768 in
741 3704 854 3792 codice
874 3703 964 3768 Mar.
986 3704 1149 3769 Medicaro
1163 3719 1197 3770 et

154 3788 341 3854 Metlano
353 3790 504 3852 scribitur
516 3788 608 3852 ἄδικον
621 3815 629 3853 ο
654 3789 766 3869 (ἀδίκως
786 3789 939 3853 exhibent
956 3788 1069 3874 Steph.
1083 3803 1116 3855 et
1130 3792 1197 3856 Va-

143 3873 227 3939 ·leaii
239 3873 435 3960 cddhquod
455 3872 605 3959 equidem
622 3872 712 3939 valde
729 3875 847 3960 probo:
872 3873 933 3937 nisi
952 3873 1024 3959 quis
1044 3875 1136 3939 malit
1149 3875 1199 3938 le-

155 3960 284 4045 gererh
298 3956 391 4021 ἄδικον
404 3964 440 4032 εἰς
454 3965 525 4040 ἡμᾶς
537 3958 636 4040 ὁμοίως
649 3958 864 4040 ἓποὸακουμένοον
877 3963 968 4041 μῖσος.
1003 3960 1056 4022 De
1076 3959 1197 4046 injusto

156 4064 237 4130 erga
250 4064 286 4107 se
299 4043 446 4129 gentium
462 4043 537 4107 edio
551 4044 670 4130 passim
686 4045 901 4143 querebantur
916 4042 1101 4107 Christiani.
1131 4044 1196 4107 Ta-

156 4127 266 4193 titmus
290 4128 439 4193 adversus
463 4127 909 4214 Graecos,'pag1na149.·xal
930 4132 968 4209 μὴ
990 4131 1035 4191 διὰ
1056 4131 1087 4191 τὸ
1107 4133 1198 4210 μισεῖν

157 4212 275 4294 etlam,-
292 4213 527 4302 wrrphmm.
554 4215 772 4280 Ventrem&
802 4211 904 4277 Cum
926 4212 1198 4294 Strothiodrmr,

256 4332 258 4336 ·
481 4333 484 4341 ¹
656 4319 678 4360 Y
692 4311 709 4360 3
