2716 4748
162 263 223 349 178
430 322 434 327 .
497 264 880 337 ANNOTATIONES.
942 272 976 335 ..⁴
1029 272 1078 339 3·‡

111 474 120 487 ·
160 435 209 497 uel
225 432 346 498 Παύλου
359 432 503 499 ordine·
525 434 697 503 nominum·
708 450 813 505 mutat
827 436 992 526 Georgius
1006 438 1197 528 syncellis

162 518 392 669 Cironogrplr.
406 519 463 585 ubi
476 520 517 584 ad
531 543 565 606 p.
577 536 650 586 341.
666 523 737 589 haec
750 522 901 611 Dionysii
916 523 1063 590 adducit.
1208 546 1212 551 ·

180 605 321 667 ÷P.1os.
350 650 358 667 .
376 617 422 667 18.
443 606 624 754 't'tlli'lfflp
639 614 818 685 Γενννριῑσαν
840 608 971 694 quidem
993 610 1147 675 scribitur
1165 611 1197 675 in

160 687 326 752 Chronico
349 689 529 774 GeorgiiS
575 712 612 753 ee
625 690 659 757 li.
703 692 768 757 Sed
790 692 892 757 nostri
911 692 1041 757 codices
1063 694 1198 781 Regius,

125 788 128 793 ’
157 773 249 837 Mea.
264 772 358 836 Med.
376 795 415 837 ac
437 773 521 838 Fuk.
559 775 657 841 abent
669 780 833 863 γωριῖσαν
846 798 904 862 per
917 776 1057 863 simplex
1070 802 1095 843 r.
1109 778 1202 866 quod·

157 857 308 942 equidem
325 858 430 943 magis
445 860 559 944 probo.
581 862 791 926 Venasrus.
830 865 1009 947 γινηθιῖσαν
1021 884 1083 961 per
1093 864 1199 949 gemi-

157 963 232 1005 nam
246 967 260 1005 ν
274 941 322 1006 ed.
339 942 447 1026 stepo.
466 956 500 1006 et
514 944 646 1028 Nicepi.
682 946 822 1010 Extabat
840 944 942 1009 altere
958 945 1058 1010 lectra
1074 947 1113 1011 'in
1134 948 1198 1013 md.

157 1047 288 1113 quoque
307 1027 410 1091 Venet.
432 1028 603 1092 Srnorrr.
638 1034 900 1107 Pannonicum
922 1028 982 1102 sim
1005 1031 1062 1095 lici
1081 1057 1096 1095 r
1113 1054 1198 1118 prc-

156 1124 220 1174 stat
235 1134 316 1177 unus
332 1111 446 1176 saltem
461 1134 502 1176 ex
515 1113 611 1177 codd.
625 1114 757 1193 nostris,
772 1114 891 1179 MStns
905 1052 1006 1178 mai
1091 1168 1094 1175 .

200 1195 284 1259 Ibid.
299 1196 322 1261 l.
333 1210 382 1259 20.
404 1197 598 1280 φυτεύσαντες]
616 1199 780 1284 Georgius
796 1197 966 1286 syncellus
980 1198 1013 1263 in
1028 1198 1197 1267 Chronico

154 1279 253 1344 habet
274 1281 450 1360 φωνήσαντες
470 1282 600 1345 rectius.
645 1283 710 1346 Sed
731 1298 765 1347 et
786 1283 819 1346 in
845 1282 896 1346 his
918 1305 992 1369 quae
1016 1296 1197 1371 sequuntur

155 1365 252 1447 ὁμοίως
266 1368 293 1427 δὲ
307 1366 328 1452 ri,
342 1371 378 1439 εἰς
390 1370 438 1443 τὴν
450 1366 588 1444 Ἰταλίαν,
600 1367 814 1452 supplendum
829 1380 879 1432 est
893 1368 1081 1450 φωνήσαντες.
1111 1370 1196 1445 Sanc

154 1449 188 1512 in
211 1449 328 1517 'codice
354 1450 457 1536 Regio
481 1465 514 1514 et
535 1450 627 1515 Med.
696 1465 727 1515 st
745 1451 885 1530 Ἰταλίαν,
906 1453 952 1517 vir
1051 1453 1193 1538 ponium

154 1536 363 1600 Vaassrus.
408 1536 594 1600 Secundum
607 1473 730 1601 valisii
743 1536 919 1600 versionem
978 1537 1126 1624 ionysius
1145 1536 1194 1603 di·

154 1619 211 1699 cit,
227 1623 356 1685 Petrum
380 1634 414 1685 et
437 1621 570 1685 Paulum
592 1622 707 1685 ambos
728 1621 825 1685 simul
847 1621 952 1709 egisse
975 1620 1143 1701 Corinthi,
1162 1636 1194 1689 et

154 1706 269 1770 ambos
288 1706 322 1769 in
343 1706 467 1771 Italiam
488 1705 583 1769 simul
597 1706 760 1792 profectos
773 1726 853 1770 esse.
887 1706 952 1771 Sed
965 1720 1005 1770 ut
1016 1704 1107 1771 hunc
1120 1728 1192 1773 sen-

154 1811 226 1855 sum
241 1812 279 1853 ex
291 1792 393 1853 verbis
408 1790 560 1877 Dionysii
574 1791 758 1876 exculperet
770 1789 919 1856 Valesius
931 1813 941 1869 3
959 1789 1066 1875 primo
1074 1792 1116 1856 in
1130 1792 1196 1877 pri·

153 1875 203 1938 ori
216 1875 364 1938 membro
380 1873 477 1960 hujus
492 1876 658 1939 sententiae
674 1889 787 1940 contra
806 1897 920 1939 omnes
938 1875 1074 1941 Eusebii
1090 1874 1190 1942 Codi-

153 1981 218 2037 ces,
234 1973 268 2023 et
280 1958 384 2023 editos
398 1971 432 2022 et
446 1960 594 2044 scriptos,
612 1982 651 2023 ex
671 1961 742 2025 solo
763 1960 915 2048 Syncello
934 1980 994 2045 pro
1011 1960 1193 2043 perstruere

151 2044 236 2130 legit
248 2044 433 2127 φοιτήσαντες,
448 2056 482 2108 et
494 2043 626 2108 eandem
643 2067 755 2110 vocem
770 2046 946 2128 φοιτῆσαντες
967 2044 1000 2109 in
1022 2045 1193 2130 posteriori
1206 2050 1211 2057 ’

30 2144 36 2155 “
152 2129 302 2193 membro
320 2129 486 2193 sententiae
508 2153 546 2193 su
570 2130 721 2215 plendam
738 2130 846 2194 docet.
883 2130 1010 2193 Vocem
1024 2144 1139 2195 autem
1152 2130 1195 2195 si·

152 2213 222 2279 mni
235 2213 269 2278 in
286 2215 439 2279 Versione
455 2214 538 2279 unde
547 2152 699 2278 imbuerit
716 2215 837 2294 nescio,
852 2213 913 2278 nisi
927 2215 1011 2278 forte
1025 2236 1047 2279 a
1060 2214 1210 2294 Rufin03.

153 2322 227 2364 nam
250 2321 312 2363 vox
334 2300 430 2381 ὁμοίως
452 2299 539 2363 aliud
562 2299 733 2384 significat,
749 2321 846 2384 quam
868 2300 900 2362 in
922 2298 1027 2385 priore
1043 2301 1210 2365 membro·

152 2385 273 2464 omisit,
293 2385 325 2448 in
346 2384 515 2470 posteriori
536 2398 626 2447 extra
646 2384 755 2447 locum
775 2406 870 2447 suurn
890 2383 1010 2469 posuit.
1055 2385 1101 2446 Et
1122 2385 1192 2470 qui·

152 2470 226 2534 dem
241 2472 417 2552 φοιτήσαντες
432 2491 490 2555 pro
508 2468 689 2551 φυτεύσαντες
702 2490 869 2554 perperam
885 2467 1017 2532 omnino
1033 2481 1067 2531 et
1081 2481 1193 2533 contra

151 2568 294 2640 apertam
317 2554 466 2639 Dionysii
485 2565 627 2616 mentem
643 2553 846 2616 scribendum
863 2574 932 2616 esse
947 2551 1059 2616 voluit.
1104 2555 1193 2617 Nam

151 2640 223 2703 hoec
248 2640 403 2703 sententia
429 2639 519 2723 quasi
542 2639 622 2700 ratio
645 2638 742 2722 priori
764 2637 945 2724 subjicitur,
971 2648 1009 2699 ut
1034 2637 1212 2722 particula.

151 2729 209 2810 γὰρ
225 2725 310 2787 clare
326 2722 494 2808 significat.
525 2722 614 2785 Prior
628 2736 736 2785 autem
752 2722 909 2785 sententia
923 2721 992 2784 haec
1007 2735 1069 2785 est.
1090 2723 1193 2787 Ταῦτα

151 2810 199 2872 καὶ
216 2813 291 2888 ὑμεῖς
304 2810 349 2869 διὰ
362 2813 409 2882 τῆς
422 2806 557 2881 τοσαύτης
572 2806 724 2885 νουθεσίας,
738 2811 785 2883 τὴν
799 2808 854 2869 ἀπὸ
868 2806 978 2888 l'ls'rpot
1001 2805 1050 2869 nel
1071 2807 1192 2871 Παύλου

151 2892 263 2975 φυτείαν
294 2895 457 2978 γενηθεῖσαν
491 2889 634 2971 Ῥωμαίων
662 2917 694 2953 τε
723 2890 769 2970 aa)
795 2890 949 2977 Κορινθίων
976 2891 1211 2974 consuminare..

151 2980 260 3064 Quam
285 2976 383 3040 etiarn
409 2976 454 3040 sic
475 2975 560 3038 male
581 2975 720 3038 reddidit
733 2975 892 3041 Valesius.
927 2977 982 3038 Ita
1000 2984 1032 3038 et
1054 2990 1192 3039 vos-2·-

152 3061 394 3126 commiscnistis.
430 3063 479 3123 Ex
500 3060 563 3122 hoc
584 3073 692 3123 tamen
714 3060 789 3124 loco
809 3061 884 3123 satis
906 3059 991 3123 clare
1012 3081 1032 3122 a
1055 3074 1150 3145 paret
1159 3062 1208 3135 τὰ.

151 3148 334 3232 φυτεύσαντες
356 3146 389 3209 in
414 3144 582 3258 posteriori
609 3145 766 3209 sententia
790 3144 964 3225 ed'porslm
986 3165 1021 3206 re
1035 3144 1192 3209 erendum

152 3255 233 3310 esse,
248 3233 345 3318 idque
360 3237 468 3312 ὁμοιως,
483 3229 639 3307 similiter,
655 3229 703 3293 bis
719 3230 861 3315 positum
884 3228 960 3292 satis
982 3228 1099 3294 innuit.
1135 3231 1193 3307 ‘Ut

152 3317 223 3381 haec
243 3316 350 3379 omnia
369 3315 488 3379 rectius
509 3314 742 3398 intelligantur,
756 3315 919 3400 integrum
936 3313 1088 3400 Dionysii
1103 3314 1192 3400 frag·

152 3415 299 3466 mentum
323 3399 511 3484 simpliciter
531 3399 785 3462 transferendum
807 3398 929 3462 censui.
972 3398 1026 3460 Ita
1040 3407 1073 3460 et
1086 3420 1139 3462 vos
1154 3421 1193 3463 ee

153 3497 245 3551 tanta
266 3484 474 3547 admonitione
490 3482 719 3566 plantationem
740 3484 948 3547 Romanorum
967 3491 999 3545 et
1015 3482 1193 3547 Corinthio·

151 3593 223 3635 ram
236 3592 257 3632 a
271 3572 366 3633 Petro
381 3581 412 3632 et
426 3567 525 3632 Panlo
533 3568 660 3654 saetam
673 3565 916 3632 commiscuistis.
948 3565 1049 3629 Ambo
1063 3567 1150 3631 enim
1159 3566 1209 3631 in·

156 3656 236 3720 [irie
250 3666 356 3719 nostra
374 3653 518 3716 Corintho
532 3652 712 3736 plantantes
725 3675 779 3716 nos
793 3651 940 3716 similiter
953 3652 1135 3730 docuerunt,
1148 3652 1190 3716 si·

151 3740 273 3805 militer
286 3750 389 3802 antem
404 3750 434 3802 et
447 3739 480 3801 in
494 3737 592 3800 Italia
609 3737 756 3801 andocter
769 3738 909 3800 docentes
924 3734 1005 3798 cirea
1020 3736 1104 3799 idem
1115 3747 1194 3800 tem-

151 3841 211 3912 pas
232 3823 431 3911 Martyrium
448 3821 536 3906 passi
554 3832 638 3885 snnt.
685 3824 726 3885 Ti
748 3821 975 3905 perstarenim
996 3820 1122 3905 phrasis
1143 3834 1195 3885 est

154 3907 495 3996 Scriptuaria.--At
516 3906 571 3991 qui
592 3909 624 3970 τὸ
647 3913 741 3991 porris
762 3905 931 3992 Apostolis
953 3905 1121 3984 tribueret,
1136 3927 1193 3969 eos

154 4018 218 4059 non
234 3995 383 4060 doctores
405 3992 461 4055 sed
483 3991 658 4075 discipulos
674 3989 998 4076 efficeret--Quin
1013 3990 1111 4053 etiam
1124 3991 1191 4055 Va·

152 4080 250 4144 lesius
265 4080 360 4160 ὁμόσε,
376 4090 432 4141 aut
446 4077 530 4139 male
545 4076 718 4155 transtulit,
730 4092 786 4140 aut
800 4076 928 4161 penitus
943 4073 1064 4138 annuit.
1085 4073 1192 4156 ‘optor

155 4165 241 4230 enim
257 4186 321 4230 non
336 4161 440 4249 magis
459 4161 512 4225 hic
532 4159 626 4224 sionni
638 4182 737 4248 quam
752 4163 855 4244 ὁμοίως.
865 4159 1035 4246 significat,
1051 4157 1136 4241 ὁμόσε
1148 4160 1191 4221 ir-
