2716 4748
306 462 309 467 ¹
414 452 871 666 nummulo

119 962 432 1089 'Vrcnsmus
461 1021 585 1090 exus
612 1015 675 1089 aa
702 1038 822 1089 annus
854 1012 987 1111 antur,
1015 1034 1064 1085 ex
1092 1022 1168 1108 quo

119 1139 288 1237 primum
312 1138 358 1211 ad
380 1139 489 1213 hasce
512 1139 702 1236 Reliquias
718 1135 1078 1227 Ante-Nicaenurum
1099 1132 1171 1207 Pu

67 1299 69 1302 >
115 1275 221 1335 ‘trum
239 1261 463 1360 colligendas
479 1263 646 1335 animum
661 1260 829 1358 adjunxi.

174 1385 375 1480 Postquam
403 1411 487 1458 vero
509 1411 577 1484 per
601 1397 675 1458 tres
701 1386 776 1457 fere
800 1408 934 1456 annos
943 1380 1088 1480 scriptis
1112 1378 1172 1453 hio

122 1505 291 1600 undique
321 1504 593 1601 conquirendis,
623 1533 673 1578 no
673 1507 795 1602 lisque
828 1504 1055 1600 adjiciendis,
1085 1501 1172 1576 dedi

122 1653 285 1726 operam,
302 1653 345 1700 ea
362 1628 455 1701 mihi
472 1629 696 1728 obtigerunt,
713 1647 797 1724 quae
815 1627 912 1726 apud
929 1625 1173 1699 clementiani-³.

125 1759 232 1824 mum
257 1750 397 1841 Deum,
415 1764 532 1850 spero,
551 1751 655 1824 dilati
681 1751 790 1847 hujus
816 1749 954 1847 negotii
979 1758 1091 1846 atque
1116 1748 1174 1822 in-

100 1873 283 1972 ·terrupti
314 1873 433 1971 operis
460 1874 736 1947 excusationem
767 1872 980 1946 meruerint.
1042 1871 1176 1946 Consid

126 1997 220 2070 lium
246 1997 387 2069 interea
407 2005 541 2070 meum'
557 1996 712 2069 minime
734 1996 849 2092 abjeci
865 2029 875 2081 ;
900 2018 984 2069 nam
1003 2007 1041 2068 et
1060 1981 1193 2094 pluri?

127 2144 221 2208 mos,
234 2118 297 2214 qui
317 2119 391 2191 huc
407 2118 653 2217 pertinebant,
667 2119 782 2193 libros
797 2119 1032 2192 anteulecloa
1045 2118 1175 2218 relegi}

126 2253 166 2316 et
191 2231 422 2338 quaecunque
447 2243 541 2316 mibi
567 2243 688 2316 oblata
714 2241 826 2316 fuerit
850 2243 992 2316 occasio
1014 2240 1176 2317 adeundi

127 2390 194 2462 per
218 2363 356 2438 amicos
373 2344 485 2438 ¹me'us
511 2377 726 2440 exterarum
745 2366 1049 2440 bibliothecarum
1075 2391 1177 2464 opes,

128 2486 287 2576 libenter
302 2513 384 2561 eam
402 2490 602 2587 amplexus
613 2515 719 2573 sum;
747 2515 816 2562 nec
832 2515 919 2562 vero
941 2492 1038 2570 hanc
1058 2488 1178 2588 incly-

32 2652 49 2663 -
127 2621 207 2684 tam
241 2623 406 2685 nostram
435 2612 697 2705 bibliotheca-m
729 2613 984 2703 Bodleianam5
1014 2637 1090 2709 quo
1109 2638 1179 2687 aca
1314 2690 1317 2695 ,

129 2733 258 2805 cedere
283 2733 471 2807 interdum
496 2735 576 2834 ipse
600 2734 908 2809 conferendorum
932 2736 1030 2809 inter
1054 2763 1093 2810 ue
1114 2750 1179 2813 effi·

129 2856 349 2954 emplarium
373 2861 482 2931 causa
507 2858 682 2947 solebam,
706 2858 939 2956 praetermitti
965 2887 987 2932 a
1011 2885 1072 2931 me
1095 2873 1179 2957 put*

130 3004 192 3052 sus
218 2992 300 3052 sum
325 2991 389 3052 aut
412 2979 561 3078 negligi.
612 2980 780 3053 Tandem
798 3008 928 3053 novem
947 2981 1093 3054 circiter
1114 2982 1179 3055 ab»

130 3102 219 3175 hinc
236 3128 353 3175 annos
369 3129 462 3201 opus
479 3103 603 3177 denuo
618 3104 756 3176 fervere
771 3104 908 3202 coepit3
933 3104 986 3177 ita
1002 3117 1056 3193 ut,
1073 3105 1180 3178 char-

130 3226 218 3298 tulis
243 3225 336 3297 meis
360 3225 564 3324 descriptis‚·
582 3238 691 3322 atque
708 3239 899 3300 auctorum
918 3239 1093 3301 contextu
1113 3246 1180 3302 no·-

130 3373 185 3420 vae
204 3346 332 3419 incudi
350 3346 505 3433 reddito,
523 3346 648 3419 omnia
669 3347 846 3422 adornate
870 3375 913 3421 ac
935 3350 1087 3423 demum
1114 3352 1180 3425 ab·

133 3470 269 3542 solvere
294 3495 496 3567 pergerema
548 3471 662 3542 Porro
685 3470 796 3569 typis,
816 3484 857 3543 ut
873 3471 987 3561 videa,
1005 3473 1179 3552 mandata

131 3604 187 3664 est
211 3593 334 3690 portio
356 3592 429 3666 mei
452 3589 591 3665 laboris·
609 3593 671 3665 vix
695 3593 811 3688 major
834 3594 899 3666 illa
924 3595 1089 3695 quidem,
1113 3574 1179 3671 sed

132 3740 216 3810 quae
234 3715 438 3789 secundum
455 3716 618 3789 ecclesiae
635 3715 858 3788 Christiane
882 3717 1073 3808 eae'culum,
1090 3744 1179 3793 cum

132 3851 234 3937 parte
252 3839 364 3928 tertii,
381 3839 680 3938 comprehendat.

174 3960 206 4033 l.
233 3961 306 4035 Sed
324 3962 405 4034 lraec
423 3963 613 4035 hactenusss
649 3961 750 4044 Quid
764 3973 801 4035 et
818 3963 927 4059 quale
943 3962 992 4035 sit
1009 3977 1178 4043 nostrum

133 4098 237 4182 opus,
254 4083 461 4181 quibusque
486 4085 532 4158 de
556 4085 674 4158 causis
699 4084 809 4160 fuerit
831 4086 1057 4177 institutum,
1075 4087 1180 4167 dein-

503 4239 506 4247 ’
630 4222 687 4281 a4
1094 4228 1096 4232 ‘
