2716 4748
275 290 336 355 142
465 328 468 333 .
610 275 972 342 annotavimus
1070 310 1074 317 -

273 440 465 507 sententiam
480 441 679 528 propendere
691 443 825 522 videtur,
840 444 896 529 qui
909 443 1032 523 volunt,
1047 444 1163 530 Syrum
1177 443 1266 511 huuc
1277 456 1305 510 et

272 527 410 591 fortasse
437 527 534 592 etiam
561 525 744 606 Hebroeum,
770 550 910 614 quorum
938 528 1094 594 lectiones
1121 551 1143 593 a
1166 531 1305 617 patribru

225 636 228 641 ¹
271 630 359 695 sepe
380 609 580 696 conjunctim
600 611 788 690 afferuntur,
807 611 969 697 versiones
986 613 1110 700 aliquas
1126 615 1307 691 Graeeeaex

273 694 406 780 Syriaca
429 695 573 759 versione
598 710 630 760 at
653 717 695 759 ue
721 697 886 761 Hebraico
907 697 1008 762 factas
1028 697 1184 763 indicam.
1229 698 1307 765 Viae

271 800 348 844 eum
363 800 433 865 cap.
445 778 467 843 i.
484 781 515 862 ξ.
531 779 591 844 ult.
631 718 700 844 bed
714 780 792 880 quid
807 780 849 845 de
862 781 947 868 Syro
961 781 1026 847 isto
1039 793 1073 848 et
1084 784 1307 849 Hebraeoeta·

271 864 429 929 tuendum
442 865 495 942 sit,
503 863 557 928 alii
569 862 628 928 viri
640 863 729 930 doctr
743 877 820 951 post
833 865 1120 932 Montlaucouium
1134 869 1307 934 scribentes

270 948 334 1013 sibi
356 970 421 1013 non
441 948 565 1036 liquere
586 948 793 1015 affimrarunt.
835 951 986 1016 Numero
1005 950 1160 1101 singulari
1177 953 1307 1017 verbum

268 1034 351 1115 φησὶν
365 1031 418 1098 hic
432 1033 575 1119 positum
595 1046 665 1113 est3
687 1047 721 1099 et
743 1035 901 1100 Eusebius
922 1035 979 1100 lib.
994 1035 1034 1100 iv.
1092 1036 1145 1102 ist.
1160 1058 1193 1103 c.
1209 1051 1260 1101 22.
1273 1037 1309 1103 u

270 1118 463 1205 Hegesippo
477 1117 540 1183 hoc
554 1117 662 1197 tradit,
677 1117 708 1182 ἔκ
727 1140 758 1182 τι
777 1126 825 1183 τοῦ
848 1121 914 1182 καθ’
928 1119 1075 1209 Ἑέςαίους
1089 1120 1253 1205 empnam
1265 1123 1308 1186 sal

267 1209 318 1265 τοῦ
342 1205 629 1289 Συριακοῦ--τινα
657 1202 778 1282 τίθησιν,
802 1226 876 1290 quoe
901 1203 1031 1288 quidem
1055 1206 1193 1270 Eusebii
1218 1207 1309 1273 verba

267 1307 311 1352 an
327 1284 415 1352 hisce
436 1288 604 1353 Melitonis
625 1287 703 1354 dent
722 1287 841 1367 lucem,
855 1302 1000 1374 quaerant
1019 1288 1092 1367 alii,
1114 1291 1306 1391 agitantem
1336 1316 1339 1321 ·

270 1371 413 1436 fortassis
435 1372 476 1436 de
497 1372 639 1437 versione
662 1373 768 1458 aliqua
781 1373 831 1437 vel
850 1373 885 1436 in
907 1374 1058 1438 Graecam
1071 1374 1123 1439 vel
1143 1398 1180 1440 m
1201 1375 1306 1462 Syria-

269 1477 342 1521 cam
357 1472 500 1523 veterum
515 1458 742 1543 scripturarum
762 1457 892 1535 Melito,
910 1458 996 1522 haud
1012 1479 1085 1522 vero
1101 1460 1143 1524 de
1158 1459 1229 1525 ulla
1243 1482 1306 1524 ver-

267 1539 360 1690 piiope
374 1541 531 1641 evangelii
550 1541 694 1629 loquitur
714 1541 884 1622 Eusebius,
899 1543 956 1607 sed
970 1543 1011 1607 de
1026 1545 1195 1631 evangelio
1211 1544 1307 1632 Syro-

305 1648 324 1689 e
347 1648 444 1691 rarco.

312 1711 346 1774 P.
363 1713 430 1776 118.
446 1712 467 1775 l.
485 1723 531 1776 rt.
552 1712 664 1793 τυποῦν]
681 1718 819 1775 saurim
834 1710 1004 1796 Nicephoti
1021 1714 1141 1777 Calena
1154 1723 1191 1776 et
1204 1711 1306 1777 Scho-

265 1791 347 1860 lium
362 1795 400 1943 irpi
410 1794 525 1860 Bibliis
538 1796 611 1860 edit.
627 1796 789 1874 Roraaoae,
804 1796 893 1882 quod
911 1796 1042 1883 quidem
1065 1796 1115 1860 his
1137 1796 1244 1862 verbis
1262 1799 1307 1863 rtv

267 1905 322 1952 ςαυ
339 1881 367 1943 ia
404 1880 500 1943 nitur.

311 1905 396 2028 lpbid.
412 1965 434 2027 l.
450 1977 497 2039 17.
519 1963 610 2049 ὥσπερ
625 1964 653 2025 δὲ
666 1963 748 2045 φυτὸν
763 1962 875 2043 Zeita,
890 1966 954 2029 'cair’
971 1965 1027 2038 ἔςιν
1040 1962 1176 2051 spissus]
1197 1966 1306 2033 LXX.

266 2047 326 2128 Kal
343 2047 507 2124 autentim
525 2049 662 2136 Ἀὅςαᾶμ
680 2053 737 2122 τοῖς
760 2052 914 2134 ὀφθαλμοῖς
928 2054 1012 2113 αὐτοῦ
1026 2050 1089 2128 sile,
1105 2048 1151 2128 κα)
1165 2053 1221 2113 ἰδοῦ
1235 2051 1310 2139 aprif-

265 2132 305 2206 εἰς
323 2133 509 2219 κατεχόμενος
530 2137 558 2198 iv
576 2137 652 2217 φυτῷ
671 2131 770 2198 zain
787 2141 842 2196 τῶν
859 2133 991 2220 κεράτων.
1017 2136 1126 2198 Genes.
1142 2156 1216 2223 cap.
1230 2135 1306 2199 'xxii

266 2238 388 2283 comm.
407 2233 452 2282 13.
475 2218 555 2283 Biel.
571 2217 679 2283 Lexic.
695 2217 728 2280 ia
743 2218 852 2282 LXX.
866 2229 897 2281 et
915 2218 993 2282 ulios
1013 2221 1200 2302 Interpretes
1217 2218 1253 2283 V.
1271 2218 1306 2283 Τ.

266 2307 289 2340 “
305 2301 404 2366 Salis
419 2303 522 2367 Hebr.
537 2317 601 2377 utro
620 2302 807 2387 perplexum
823 2316 999 2387 vepretum.
1023 2305 1107 2367 Gen.
1122 2304 1198 2367 xxii.
1217 2319 1309 2367 13.-

266 2386 456 2453 “Ceterum
472 2387 506 2452 in
521 2388 631 2452 Gloss.
646 2387 731 2451 Bibl.
747 2386 882 2451 Coislin.
898 2387 938 2451 ad
953 2410 984 2472 p.
998 2399 1068 2463 475.
1091 2385 1191 2456 zares
1206 2409 1307 2473 expo·

266 2478 289 2512 “
303 2472 390 2540 nitur
408 2473 505 2554 ἄφεσις
523 2472 672 2548 dimissio,
688 2484 721 2534 et
735 2471 883 2535 additur:
907 2473 959 2535 ἀπὸ
979 2479 1027 2549 τῆς
1046 2472 1140 2556 Σύροις
1159 2472 1307 2549 inuasere,

265 2562 289 2596 “
304 2581 321 2621 e
336 2557 447 2644 lingua
464 2557 605 2643 Syriaco.
629 2559 679 2621 Ita
694 2555 791 2620 etiam
805 2558 885 2619 Lex.
902 2557 995 2641 Orig.
1008 2579 1040 2642 p.
1050 2571 1119 2620 233.
1132 2568 1166 2621 et
1179 2557 1307 2635 Suidas,

266 2647 290 2680 “
305 2643 366 2706 nisi
381 2642 469 2740 quod
484 2642 570 2726 apud
586 2643 671 2704 hunc
686 2663 746 2704 vox
760 2639 906 2704 διαλέκτου
920 2642 1039 2704 omissa
1052 2642 1103 2704 sit.
1141 2641 1234 2705 Male
1249 2664 1308 2704 au·

265 2730 369 2791 “tem
391 2727 436 2790 rbi
458 2748 518 2789 vox
539 2727 697 2791 derivatur
717 2748 736 2789 a
757 2725 874 2789 Chald.
896 2741 963 2802 port·
987 2725 1116 2788 dimisit.
1149 2725 1248 2789 Tom.
1263 2726 1307 2790 iii.

265 2816 289 2848 “
304 2831 336 2894 p.
353 2812 444 2873 256.'’
478 2809 599 2873 Confer
613 2813 644 2874 J.
659 2807 698 2873 C.
713 2813 755 2873 G.
775 2810 911 2873 Ernestii
936 2809 1038 2874 Gloss.
1060 2811 1146 2872 Sues.
1168 2809 1307 2894 Hespclr.

265 2914 298 2977 p.
314 2906 384 2956 242.
430 2893 605 2972 Caeterum,
626 2916 689 2958 non
712 2894 853 2958 ostendit
877 2893 995 2958 Melito
1017 2916 1075 2979 per
1094 2893 1201 2971 verba,
1223 2896 1307 2973 paris

265 2976 366 3044 202er
386 2979 504 3040 ἐκάλεσε
525 2980 572 3041 τὸν
589 2978 669 3065 ἅγιον
686 2980 797 3066 saepiu,
812 2977 875 3042 hoc
895 2976 995 3043 Σαςὲκ
1013 2980 1130 3043 Groece
1149 2980 1251 3062 §eopia
1265 2979 1307 3041 ab

265 3061 439 3149 interprete
461 3085 586 3126 versum
609 3085 696 3139 esse3
727 3063 782 3126 sed
806 3077 930 3126 tantum
954 3063 1189 3148 expositionem
1211 3084 1305 3126 suam

266 3148 340 3234 Syri
354 3161 387 3213 et
401 3148 534 3212 Hebraei
549 3149 679 3212 vocibus
694 3146 929 3231 accommodat.
952 3148 1027 3211 Vid.
1040 3161 1074 3212 et
1087 3150 1216 3233 Fragm.
1230 3149 1296 3210 lll.

310 3233 394 3296 Ibid.
410 3234 434 3297 l.
450 3247 497 3296 18.
518 3236 651 3380 'hirmin
663 3237 690 3294 ἐν
703 3237 743 3317 τῷ
756 3232 842 3314 τέλει]
853 3231 981 3295 Videsis
994 3234 1044 3307 τὲς
1059 3232 1084 3311 i,
1096 3252 1167 3317 cap.
1180 3231 1305 3316 penult.

264 3315 443 3401 prophetias
459 3319 545 3380 Ezec
567 3317 635 3381 ielis
650 3339 769 3380 comm.
784 3328 815 3378 4.

310 3401 394 3466 Ibid.
409 3401 432 3464 l.
446 3414 494 3463 20.
517 3401 614 3474 πάθος
629 3405 674 3464 ira
688 3403 801 3483 Xprfiv,
817 3399 864 3462 nal
880 3399 1046 3483 βάπτισμα]
1065 3401 1170 3464 Pauca
1184 3399 1257 3463 haec
1272 3398 1307 3464 ln

265 3483 438 3568 Nroepirori,
449 3485 577 3563 Calena,
594 3509 658 3549 non
673 3485 833 3549 extabant.
876 3485 976 3570 Quod
989 3485 1104 3548 attinet
1123 3485 1165 3549 ad
1183 3484 1307 3631 deputa

267 3567 319 3633 hic
335 3584 367 3632 et
381 3569 457 3633 alibi
473 3592 491 3632 a
505 3571 664 3634 veteribus
676 3569 841 3646 traditum,
852 3569 974 3651 optime
988 3569 1119 3653 exponit
1131 3570 1233 3632 Tertu
1247 3568 1307 3632 lia·

267 3675 327 3717 nus
340 3675 410 3740 cap.
422 3654 454 3717 ii.
469 3654 526 3718 lib.
541 3656 590 3717 sui
607 3656 656 3717 De
666 3652 838 3737 Baptismo,
851 3652 962 3716 efficax
977 3652 1139 3716 redditum
1162 3674 1233 3716 esse
1255 3675 1306 3716 sa·

266 3757 357 3800 crum
378 3741 537 3803 lavacrum
559 3760 615 3822 per
634 3739 816 3822 passionem
837 3737 937 3821 ipsius
953 3737 1075 3800 Christi
1090 3750 1187 3822 atque
1201 3758 1308 3801 resur-

266 3823 453 3899 rectionem,
468 3823 543 3907 quia
556 3845 611 3885 nec
623 3844 705 3885 murs
718 3831 836 3898 nostro,
848 3821 964 3920 inquit,
976 3819 1102 3884 dissolvi
1112 3829 1228 3917 posset,
1243 3821 1306 3884 nisi

266 3906 397 3969 Domini
408 3907 559 3990 passione,
573 3928 628 3969 nec
650 3906 716 3970 vita
736 3905 942 3971 restituimus
961 3914 1182 3968 resurrectrone
1194 3904 1305 3988 ipsias.
1326 3944 1329 3949 ·

266 3990 420 4054 Similiter
441 3991 487 4053 ait
516 3990 737 4077 Hieronymus
759 3991 829 4054 adu.
852 3989 1079 4077 Lucfferiums,
1100 4011 1133 4074 p.
1149 4001 1227 4074 140.
1254 3990 1305 4061 erl.

265 4075 403 4139 Froben.
440 4074 618 4160 Perfectum
640 4086 745 4139 autem
766 4075 920 4159 baptisma
940 4098 1000 4138 uon
1021 4085 1066 4138 ast
1086 4071 1148 4137 nisi
1168 4072 1306 4160 quadiu

265 4181 352 4226 cruca
365 4171 460 4249 utque
473 4159 692 4237 resurrectione
707 4157 825 4230 Christi
839 4170 896 4224 est.
940 4162 1059 4245 Neque
1074 4158 1168 4224 aliter
1185 4179 1256 4224 rem
1271 4179 1307 4224 ae
