2716 4748
286 831 290 838 ,
396 700 905 832 QUADRATUS.

556 1010 766 1051 ..φ-..-

207 1222 242 1297 S.
260 1217 535 1316 Hnnosrnos,
556 1225 668 1298 Libro
686 1225 748 1297 De
767 1224 871 1298 Viris
889 1224 1109 1319 Illustribus,

487 1375 565 1455 cap.
580 1357 656 1428 xiit.
673 1381 754 1455 pag.
769 1369 827 1428 84.

156 1513 504 1657 QUADRATUS
529 1568 787 1667 Apostolorum
811 1567 1020 1665 discipulus
1044 1564 1173 1638 Publio
1221 1644 1224 1650 ,

151 1687 374 1762 Athenarum
406 1690 589 1790 Episcopo
614 1693 661 1764 ob
691 1691 827 1763 Christi
858 1690 968 1800 fidem
1000 1689 1173 1787 martyrio

150 1824 331 1904 coronato,
352 1812 412 1887 ain
429 1815 548 1886 locum
568 1815 644 1912 ejus
668 1815 910 1906 substituitur,
928 1826 965 1886 et
986 1813 1173 1886 ecclesiam

149 1934 275 2039 grandi
294 1947 427 2008 terrore
449 1936 646 2035 dispersam
664 1938 736 2010 fide
758 1950 795 2010 et
816 1937 993 2010 industria
1011 1961 1074 2008 sua
1089 1961 1176 2007 con-

148 2071 284 2158 gregat.
323 2059 490 2156 Cumque
509 2059 717 2132 Hadrianus
734 2060 889 2132 Athenis
907 2058 1083 2157 exegisset
1099 2059 1177 2131 hie·

149 2207 259 2272 mem,
277 2181 435 2254 invisens
452 2179 700 2269 bEleusinam,
718 2192 755 2253 et
777 2181 946 2252 omnibus
964 2206 1055 2277 pene
1075 2181 1177 2253 Grae·

149 2305 213 2376 ciae
244 2303 354 2376 sacris
382 2303 546 2375 initiatus
575 2303 732 2376 dedisset
761 2304 983 2376 occasionem
1014 2304 1083 2394 his,
1114 2306 1175 2403 qui

149 2425 377 2499 Christianos
402 2424 564 2515 oder‘ant,
590 2424 725 2521 absque
746 2439 927 2525 praecepto
952 2427 1176 2526 imperatoris

148 2573 278 2622 vexare
295 2547 507 2621 credentes:
533 2548 695 2647 porrexit
715 2549 747 2619 ei
771 2549 903 2622 librum
922 2577 988 2649 pro
1006 2551 1178 2650 religione

148 2683 274 2774 nostra
290 2671 532 2769 compositum
552 2671 656 2743 valde
673 2671 812 2761 utilem,
830 2673 1052 2770 plenumque
1072 2675 1180 2747 ratio·

150 2796 208 2869 nis
224 2807 263 2867 et
279 2794 376 2884 fidei,
393 2807 431 2867 et
446 2793 655 2892 Apostolica
672 2794 835 2868 doctrina
852 2797 1026 2896 dignum:
1051 2800 1089 2871 in
1107 2827 1179 2896 quo

150 2929 188 2991 et
205 2917 459 3012 antiquitatem
477 2941 551 2988 suae
569 2917 684 2990 aetatis
702 2917 906 3008 ostendens,
924 2920 985 3008 ait,
1004 2921 1179 3018 plurimos

150 3051 198 3112 ca
221 3066 258 3112 se
274 3039 381 3129 visos,
399 3039 461 3135 qui
487 3039 554 3110 sub
580 3037 743 3111 Domino
767 3040 873 3112 variis
897 3040 936 3112 in
961 3025 1092 3115 Judaea
1117 3072 1181 3143 op

104 3251 113 3264 .
150 3161 266 3262 pressi
289 3160 554 3233 calamitatibus
581 3161 694 3233 sanati
721 3161 874 3252 fuerant,
892 3176 929 3236 et
953 3164 1016 3260 qui
1042 3191 1063 3236 a
1086 3192 1182 3240 mor·

151 3283 228 3358 tuis
246 3293 522 3356 resurrexerant.

195 3488 208 3516 ⁸
227 3479 369 3538 Eusebius
390 3483 427 3538 iv.
449 3480 527 3537 Hist.
546 3481 595 3537 23.
616 3500 652 3536 ex
671 3479 805 3558 Dionysii
828 3483 970 3540 Corinthii
991 3485 1123 3562 Epistola
1147 3488 1183 3545 ad

151 3587 363 3646 Athenienses:
386 3587 506 3665 Kolpoire
521 3585 544 3644 li
556 3585 625 3661 μετὰ
638 3588 679 3646 τὸν
694 3586 893 3664 μαρτυρήσαντα
904 3591 1035 3647 Πούπλιον
1049 3594 1184 3656 κοντας-άν-

152 3721 197 3761 τος
212 3699 295 3753 adada
306 3693 463 3754 ’Eoesonisrov
476 3699 614 3769 μέμνηται·
638 3699 666 3759 ὣς
681 3691 724 3751 hal
738 3699 781 3760 τῆς
796 3698 864 3753 aisti
875 3692 988 3761 raaudi<
1004 3698 1185 3772 ίπισυναχθίν-

152 3823 205 3858 των
218 3797 262 3856 nai
277 3802 321 3864 τῆς
335 3800 428 3864 wissa<
442 3796 637 3876 ἀναζωπῦςησιν
652 3799 800 3872 εἰληχότων.
836 3798 968 3854 Eundem
981 3817 1041 3855 esse
1055 3800 1184 3860 Quadra·

152 3914 218 3961 tum
232 3903 438 3959 Atheniensem
452 3903 617 3978 episcopum
630 3919 694 3956 cum
708 3901 856 3961 Quadrato
876 3902 924 3978 qui
942 3901 1076 3979 Eleusipe
1091 3904 1185 3961 vicina

153 4007 279 4066 Athenis
293 4006 421 4063 Adriano
435 4003 598 4084 apologiam
612 4003 727 4071 obtulit,
743 4004 936 4082 Hieronymus
954 4017 1016 4063 tum
1036 4007 1091 4063 hoc
1109 4007 1183 4074 loco,

154 4122 220 4169 tum
239 4111 333 4190 Epist.
353 4110 400 4167 84.
420 4108 456 4167 ad
469 4106 621 4184 Magnum,
641 4125 760 4203 eumque
779 4111 868 4166 secuti
891 4109 984 4173 Graeci
1004 4112 1040 4167 21
1058 4111 1135 4188 Sept.
1157 4124 1185 4169 et

646 4229 665 4272 1³
678 4223 695 4272 3
