2716 4748
148 320 171 385 r
539 306 780 426 usuras

150 513 263 585 naeus,
281 505 318 567 et
333 487 591 591 Apollinemne,
609 510 646 570 et
668 499 789 587 ceteri,
807 496 869 594 qui
894 509 977 596 post
1000 516 1177 572 resurrec-

151 616 288 705 tionem
312 616 414 689 aiunt
436 617 475 690 in
498 646 605 693 carne
623 647 707 693 cum
726 621 858 693 sanctis
876 619 1077 694 Dominum
1097 647 1177 719 reg-

151 753 334 815 naturum.
384 733 629 815 Tertullianus
655 768 799 840 quoquc
826 742 866 816 in
894 743 1011 816 elibro
1040 743 1084 815 dc
1114 769 1177 841 spe

152 857 375 952 fidelium,et
387 863 594 936 Victorinus
613 864 895 957 petabionensis,
912 879 950 938 et
966 865 1178 938 Lactantius

153 986 220 1058 hac
237 985 406 1084 opinione
424 986 636 1060 ducunturf.

194 1251 207 1279 ²
227 1243 419 1321 Hieronymus
433 1260 515 1300 suum
528 1244 647 1302 Librum
661 1265 695 1303 ex
710 1244 828 1304 Eusebii
838 1247 1037 1304 Freelesiastica
1047 1246 1181 1304 Historia

155 1342 308 1406 maximam
322 1357 432 1426 partem
446 1348 629 1427 deprompsit.
986 1354 990 1361 '

195 1450 209 1491 Β
230 1448 392 1532 Hierapolis
407 1454 504 1510 civitas
519 1455 549 1511 in
561 1451 687 1532 Phrygia
700 1456 776 1513 Asiae
789 1454 915 1532 regione.
946 1455 1181 1534 Hierapolitanos

156 1550 315 1638 Episcopus
336 1560 439 1615 dicitur
456 1559 559 1638 Papias
579 1562 665 1616 etiarn
679 1561 714 1617 ab
733 1561 860 1618 Eusebio
874 1562 913 1618 iii.
924 1562 972 1618 36.
988 1560 1063 1616 Hist.
1080 1580 1098 1616 a
1115 1561 1182 1616 sce·

157 1665 253 1742 phano
264 1664 381 1721 Gobaro
393 1664 467 1743 apud
477 1664 613 1721 Photium
625 1666 696 1722 Cod.
706 1668 772 1724 232.
787 1667 940 1722 Anastasio
952 1666 1061 1723 Sinaits
1070 1664 1119 1722 lib.
1130 1664 1182 1723 til.

158 1768 188 1823 in
206 1766 345 1824 Hexaem.
364 1767 482 1843 aliisque
501 1776 530 1823 et
546 1766 581 1824 ab
601 1768 722 1826 Hieron.
743 1789 826 1847 supra
848 1786 908 1847 cap.
923 1770 951 1827 8.
971 1778 1000 1826 et
1018 1765 1131 1826 Praefat.
1149 1769 1183 1826 iii

158 1868 297 1928 Victoria.
312 1870 346 1928 ad
361 1871 563 1949 Apocalypsin.
603 1867 652 1930 lo.
667 1872 802 1932 Aurana.
816 1873 994 1931 Franrcms.

199 1984 211 2013 ⁶
233 1966 334 2054 Capite
346 1977 385 2033 ix.
399 1975 483 2053 hujrrs
497 1975 571 2033 libri.

200 2078 214 2116 ‘¹
236 2086 386 2159 Διυτέςωσις
400 2080 418 2135 J
421 2080 530 2147 uicies,
544 2089 587 2136 est
600 2081 725 2149 traditio,
740 2081 817 2138 velut
835 2082 960 2140 secundo
974 2081 1040 2140 loco
1056 2091 1123 2159 post
1141 2079 1186 2140 le·

160 2205 224 2260 gem
247 2188 381 2262 scriptam
403 2185 544 2252 habenda,
565 2185 672 2244 Misna.
706 2187 778 2243 Vide
796 2186 989 2264 Epiphanium
1010 2187 1109 2242 haeresi
1125 2188 1190 2261 xvi.

159 2280 238 2347 idem
252 2291 349 2346 xxxiii,
362 2292 388 2347 9.
410 2293 439 2347 osi
457 2287 506 2367 peip
525 2288 680 2367 mapalis-ese
694 2299 741 2348 τῶν
756 2288 924 2370 ngrcssvrs'pnr
939 2289 1091 2370 longuino
1105 2289 1188 2371 magei

158 2401 205 2453 reis
227 2392 338 2454 'Iuloelnr
360 2399 486 2466 λὲγονται.
522 2390 700 2450 lastinianus
716 2393 790 2471 Imp.
803 2394 916 2451 Novell.
935 2396 999 2452 146.
1018 2392 1061 2457 ‘rin
1079 2390 1103 2451 li
1117 2389 1188 2475 wag.

159 2503 245 2565 αὐτοῖς
270 2497 410 2574 (Heluian)
434 2503 567 2574 λεγομένην
592 2497 734 2576 lentipes-tr
757 2499 801 2557 aui
825 2488 1022 2580 ἅπαγαξεόομεν
1040 2507 1186 2565 marceniis.

160 2603 188 2660 J.
202 2605 337 2661 Asnaus.
352 2604 477 2659 Fratue.

200 2713 212 2742 ⁸
232 2707 320 2764 Liber
333 2708 380 2762 hic
393 2704 487 2782 periit.

200 2809 213 2868 l
231 2808 279 2868 Ad
298 2809 468 2888 Apollinarii
483 2807 690 2866 Laodiceni‘et
708 2811 736 2868 S.
751 2809 922 2888 Hieronymi
940 2819 1070 2888 tempora
1087 2829 1187 2888 perre-

161 2917 237 2972 nisse
254 2915 413 2992 Papianum
431 2933 513 2992 opus,
529 2913 682 2969 ostendunt
703 2924 732 2970 et
752 2915 843 2973 codex
863 2916 976 2992 quidam
995 2914 1188 2982 Bibliotheca

162 3019 345 3085 Coislinianae
358 3010 459 3074 MStus
473 3036 541 3074 mox
554 3016 748 3093 proferendus,
763 3028 791 3074 et
805 3021 892 3096 ipsius
906 3019 1076 3095 Hieronymi
1089 3000 1188 3085 rerba,

161 3127 225 3202 quae
242 3123 289 3180 hic
308 3131 483 3198 sequuntur3
506 3121 617 3195 Joseptt
634 3121 722 3187 libros,
737 3122 778 3177 ait
792 3121 839 3179 ille
852 3122 881 3178 in
895 3122 1027 3200 Epistola
1044 3123 1080 3180 ad
1099 3102 1189 3207 Lucif

161 3229 251 3296 nium,
275 3235 302 3284 at
322 3234 475 3284 sanctorum
497 3227 592 3302 Papiae
615 3233 642 3281 et
658 3225 813 3301 'Polycarpi
832 3228 969 3284 uolumina
986 3227 1080 3302 falsus
1101 3228 1140 3285 od
1163 3235 1191 3286 te

66 3400 68 3405 ¹
160 3345 252 3390 mmor
268 3333 385 3408 pertulit
403 3351 422 3387 a
441 3349 483 3387 nse
503 3348 556 3387 esse
576 3332 720 3397 translato,
734 3333 800 3406 quia
818 3344 867 3389 nec
887 3335 937 3388 otii
956 3335 1009 3388 mei
1026 3334 1191 3399 necuim

160 3445 200 3496 est
225 3426 317 3493 tuntas
341 3453 384 3492 res
408 3437 501 3491 eadem
524 3438 554 3490 in
579 3435 695 3490 alteram
721 3436 842 3508 linguam
867 3439 1016 3512 exprimere
1040 3442 1190 3495 moure.

162 3563 190 3622 p.
205 3541 269 3601 196.
283 3548 353 3598 tom.
365 3539 389 3596 1.
403 3540 446 3596 cd.
457 3539 581 3596 Froben.
594 3536 683 3594 Basil.
698 3539 783 3596 1526.
807 3539 899 3596 Porro
914 3558 931 3597 a
944 3538 978 3596 cl.
991 3538 1145 3597 Gallandio
1158 3540 1190 3598 in

162 3645 375 3722 Prolegomenis
402 3645 432 3700 in
456 3663 535 3700 suam
559 3642 687 3700 Bttltott.
707 3640 833 3700 Puteum.
856 3644 941 3701 Tom.
960 3643 984 3701 1.
1008 3644 1069 3699 haec
1092 3644 1190 3720 positu

163 3759 247 3811 sunt:
271 3748 423 3807 “Utinam
439 3747 556 3823 (inquit)
570 3746 605 3803 ad
619 3765 672 3803 nos
686 3765 775 3823 usque
788 3749 983 3825 pervenissent
996 3746 1092 3824 Papiae
1106 3745 1188 3803 libri!

164 3863 187 3893 “
199 3855 239 3912 Et
252 3859 417 3932 supererant
428 3851 540 3928 quidem
554 3850 657 3907 saeculo
670 3862 741 3907 xm.
750 3851 880 3918 ineunte,
893 3859 924 3907 ut
934 3870 950 3908 e
961 3851 1090 3907 codicum
1103 3848 1192 3910 MSS.

164 3968 187 3997 '‘
199 3958 332 4035 catalogo
353 3958 429 4014 circu
449 3966 555 4012 annum
573 3954 681 4012 Christi
702 3953 1015 4014 nccxvr11.confecto
1036 3955 1191 4024 erudimur,

164 4073 187 4101 “
199 4079 284 4140 quem
295 4081 332 4120 ex
345 4059 470 4119 ecclesie
482 4059 685 4116 Nemausensis
698 4058 849 4117 'tabellario
863 4068 974 4118 erutum
987 4059 1023 4117 cl.
1034 4058 1191 4119 Menelaus

162 4175 186 4205 “
195 4167 273 4232 haud
284 4167 326 4224 its
334 4165 447 4247 pridem
459 4162 613 4239 evulgavit,
628 4162 721 4240 (Hist.
735 4163 788 4222 cir.
799 4163 872 4223 eccl.
886 4171 916 4222 et
928 4163 1004 4221 liter.
1016 4163 1052 4223 de
1064 4161 1192 4231 Nismes.
