2716 4748
110 276 161 349 Ε
479 308 530 375 ΙΝ
555 307 873 376 POLYCRATEM.
1126 328 1191 401 379

110 476 261 631 *nri
286 477 339 542 hic
363 480 477 545 merito
503 493 622 566 potest,
649 505 706 547 cur
735 483 916 571 Polycrates
945 495 1010 547 tres
1037 482 1193 550 duntaxat

233 563 299 650 ‘ppi
317 565 396 628 filias
417 568 649 646 memoraverit,
665 589 739 632 curn
761 569 794 631 in
815 568 951 632 Actibus
966 582 1105 655 quatuor
1119 570 1193 635 filiae

110 640 298 736 *tfflippi
314 666 528 716 numerentur.
564 653 754 739 Respondeo
770 654 968 742 Polycratem
983 669 1093 718 earum
1108 656 1192 721 dun-

110 736 249 813 Μ
262 737 456 801 mentionem
471 739 594 816 fecisse,
609 761 681 824 quae
700 740 733 803 in
748 740 827 803 Asia
841 752 976 804 mortuae
993 740 1126 826 sepultae
1150 764 1193 807 ue

110 816 278 911 Qut,
292 835 330 886 ut
342 822 446 886 videre
461 840 510 888 est
530 825 561 887 in
583 824 706 910 integra
725 825 824 910 ipsius
846 825 990 910 Epistola
1005 849 1078 928 quae
1093 764 1192 892 reder-

130 904 214 985 ’ᾖ
234 906 267 971 in
288 907 371 971 libro
386 933 414 973 v.
452 909 537 973 Cum
560 910 665 994 igitur
679 933 743 974 una
764 933 802 975 ex
825 923 962 997 quatuor
983 911 1046 976 illrs
1068 913 1191 981 filiabus

120 1040 158 1075 ..Ι
256 1014 317 1056 reae
333 1008 389 1057 aut
402 995 478 1059 alibi
493 1010 621 1059 mortua
635 1009 728 1076 esset,
743 996 816 1061 ideo
835 997 954 1061 nullam
970 997 1039 1084 ejus
1054 999 1191 1064 mentio·

110 1100 131 1140 τι
250 1079 327 1143 fecit
343 1080 535 1168 Polycrates.
569 1082 665 1145 Porro
681 1104 719 1146 ex
735 1082 860 1147 filiabus
875 1082 1012 1169 Philippi
1027 1107 1091 1148 una
1106 1086 1192 1150 Her·

110 1182 148 1228 π’·
195 1162 204 1179 ‘
250 1186 280 1244 e,
293 1165 391 1228 altera
411 1166 567 1255 Eutychis
586 1167 762 1232 dicebatur.
807 1169 859 1232 Sic
881 1170 966 1233 enim
990 1169 1138 1235 scribitur
1160 1170 1192 1234 in

117 1262 146 1329 a]
198 1266 292 1314 cnseo
314 1251 515 1338 Graecorum.
554 1253 616 1316 Die
635 1266 665 1316 4.
687 1254 872 1338 Septembris
894 1256 1135 1319 commemoratio
1157 1257 1191 1322 S.
1226 1268 1227 1273 ’

110 1326 353 1414 amarulente,
370 1338 460 1401 unius
475 1361 515 1403 ex
530 1349 663 1426 quotuor
673 1338 808 1426 filiolus
822 1339 963 1426 Philippi
981 1341 1123 1424 apostoli,
1138 1342 1193 1430 qui

110 1414 336 1519 srfhptizooit
349 1424 535 1488 Eunuchum
554 1425 719 1489 Conduces.
758 1425 839 1489 Haec
858 1438 888 1490 et
909 1448 993 1490 soror
1006 1427 1073 1510 ejus
1087 1429 1193 1578 Eugy-

110 1504 226 1579 uti-ssat
238 1506 272 1572 iu
285 1508 396 1572 Asiam
417 1511 501 1573 uenit
520 1522 589 1594 post
609 1521 738 1575 mortem
752 1511 883 1576 Jounnis
897 1510 1038 1597 upostoli,
1056 1512 1115 1577 dte.
1162 1537 1194 1577 a·

110 1612 146 1666 rt?
174 1660 184 1673 ,
203 1590 252 1656 lto
263 1604 308 1657 est
319 1594 448 1679 Ephesi.
472 1597 578 1682 Igitur
589 1619 627 1661 ex
643 1599 772 1661 Menaeo
785 1597 948 1676 discimus,
961 1599 1088 1662 tertiam
1106 1599 1192 1663 illam

110 1710 136 1755 η,
154 1696 157 1701 ·
179 1734 182 1739 .
209 1677 243 1742 ili
265 1681 299 1765 pi
310 1680 418 1758 filiam,
431 1681 471 1745 de
484 1705 547 1768 qua
560 1682 611 1745 hic
623 1683 765 1768 loquitur
777 1683 971 1771 Polycrates,
982 1684 1192 1748 Hermionern
1244 1714 1245 1717 ¹
1265 1731 1277 1773 4

110 1701 471 1851 'Uppel'latarnfuisse
494 1768 622 1832 Etenim
633 1769 814 1856 Polycrates
824 1791 894 1832 eam
906 1768 1024 1854 Ephesi
1035 1770 1193 1855 sepultam
1225 1773 1228 1780 ’

110 1878 132 1939 t,
154 1850 332 1931 csse-dicit,
344 1874 417 1916 cum
435 1852 506 1917 duae
521 1853 590 1940 ejus
604 1875 728 1918 sorores
743 1854 878 1940 sepultae
893 1867 1000 1919 essent
1015 1856 1191 1942 Hierapoli.

110 1951 117 2011 2,
154 1936 368 2003 Vasasws.
390 1938 515 2003 Volunt
527 1939 624 2003 etalii
637 1940 730 2004 multi
746 1941 801 2004 viri
813 1940 901 2004 docti
914 1940 1097 2005 confudisse
1112 1943 1194 2007 inter

110 2060 115 2095 ι
156 2018 195 2089 te'
217 2021 415 2110 Polycratem
438 2024 619 2111 Philippum
639 2026 824 2111 apostolum
842 2040 874 2090 et
894 2026 1075 2112 Philippum
1094 2050 1194 2093 unum

110 2136 115 2171 ι
148 2126 200 2171 cx
218 2121 351 2194 septem.
364 2109 505 2174 diaconis
524 2111 763 2196 evangelistam.
801 2113 930 2176 Proclus
946 2112 1077 2197 quidem
1093 2114 1194 2178 Mon·

157 2192 288 2272 tanista,
300 2195 431 2280 aequalis
446 2197 512 2259 fere
528 2195 583 2259 Pol
608 2197 698 2275 crati,
711 2197 907 2262 existimasse
921 2198 1057 2277 videtur,
1070 2199 1096 2263 si
1113 2199 1194 2265 Caio

158 2278 309 2344 Romano
323 2282 411 2359 fides,
426 2281 576 2345 mulieres
585 2219 696 2360 hasce,
712 2305 784 2368 quae
805 2283 836 2346 in
856 2283 936 2347 Asia
956 2284 1089 2368 sepultae
1106 2299 1191 2363 sunt,

157 2365 289 2429 easdem
304 2367 403 2431 fuisse
422 2380 519 2452 atque
541 2367 678 2454 Philippi
693 2368 783 2442 filias,
799 2391 870 2454 quae
886 2381 1038 2456 tanquam
1054 2372 1193 2457 prophe-

157 2449 247 2515 tissae
264 2452 297 2515 in
312 2452 442 2517 Actibus
455 2451 672 2537 Apostolorum
690 2468 993 2518 commemorantur.
1039 2457 1090 2520 Ita
1108 2457 1192 2521 enirn

158 2536 188 2601 is
208 2536 352 2623 loquitur
365 2538 452 2624 apud
468 2539 596 2615 Caium,
614 2561 710 2624 quem
730 2539 821 2603 affert
837 2540 953 2604 Euseb.
969 2539 1025 2604 lib.
1041 2541 1086 2605 iii.
1104 2542 1192 2608 Hist.

158 2643 232 2709 cap.
244 2638 280 2687 31
293 2647 303 2703 3
318 2627 391 2707 μετὰ
405 2632 485 2688 τοῦτο
501 2627 528 2687 δὲ
542 2625 705 2709 προφήτιδες
718 2624 851 2713 τέσσαρες
865 2631 894 2688 ai
907 2625 1048 2690 Φιλίππου
1060 2627 1191 2714 γεγένην-

157 2733 208 2788 req
232 2711 259 2770 ir
281 2710 432 2797 Ἱεραπόλει
456 2716 489 2796 τῇ
511 2713 587 2773 κατὰ
608 2714 655 2788 τὴν
677 2710 790 2788 Ἀσίαν,
814 2717 826 2773 d
846 2711 931 2794 τάφος
954 2716 1043 2775 αὐτῶν
1057 2717 1112 2786 ἒςιν
1126 2719 1191 2779 ἐκεῖ.

159 2793 255 2859 Idem
272 2818 401 2882 quoque
417 2796 551 2860 fortasse
568 2797 666 2860 sensit
685 2797 854 2875 Eusebius,
871 2798 990 2883 quippe
1009 2799 1065 2884 qui
1085 2800 1192 2865 statim

206 2893 236 2944 st
256 2881 301 2944 ibi
321 2881 457 2966 subjecit
472 2881 580 2945 locum
598 2903 637 2944 ex
651 2882 793 2959 Actibus,
806 2882 866 2946 etsi
881 2899 993 2968 postea
1008 2884 1040 2946 in
1055 2907 1125 2972 cap.
1141 2900 1191 2966 39.

159 2986 162 2991 ·
187 2965 345 3066 hilippum
362 2967 543 3053 Hierapolis
561 2966 698 3031 incolam
707 2972 759 3031 ,τὸν
772 2968 905 3040 ἁπόςολον
920 2970 1069 3118 appellat.
1106 2972 1193 3037 Cum

158 3072 236 3115 vero
256 3075 289 3115 rn
309 3052 443 3138 epistola
463 3052 577 3116 suade
596 3053 708 3131 tribus,
724 3075 787 3117 non
805 3067 914 3119 autem
957 3076 975 3117 e
994 3070 1133 3142 quatuor
1147 3059 1194 3121 fea
1269 3079 1289 3121 a

158 3136 268 3216 minis,
283 3139 478 3202 mentionem
499 3138 609 3202 fecerit
633 3140 826 3227 Polycrates,
847 3162 985 3226 cumque
1006 3156 1133 3205 constet
1154 3165 1194 3208 ex

158 3222 292 3287 Actibus
306 3224 538 3308 Apostolorum,
562 3223 744 3310 Philippum
767 3226 993 3311 evangelistam
1015 3247 1090 3290 cum
1113 3228 1193 3293 filia·
1238 3223 1241 3231 ’

159 3308 223 3372 bus
237 3310 302 3372 suis
316 3309 402 3394 apud
419 3310 600 3373 Caesaream
623 3309 797 3373 Palaestinae
812 3311 933 3390 vixisse,
973 3333 1086 3376 uorum
1102 3314 1193 3378 cubi·

158 3393 236 3458 cula
258 3395 388 3459 Paulam
411 3395 665 3480 proficiscentem
691 3396 795 3459 Roma
818 3397 858 3459 ad
878 3335 1125 3463 Betlilehemum
1150 3400 1195 3464 vi·

159 3479 257 3556 disse,
270 3480 368 3545 tradit
383 3481 615 3568 Hieronymus,
630 3480 782 3566 Epitaph.
798 3479 910 3546 Panae
923 3504 955 3568 p.
973 3494 1038 3558 173.
1050 3483 1100 3547 ed.
1114 3487 1192 3550 Fro-

158 3566 234 3628 ben.
249 3564 336 3629 baud
358 3566 451 3652 plane
472 3565 644 3630 absurdum
660 3567 755 3630 fuerit
770 3580 919 3645 statuere,
934 3590 998 3632 non
1012 3570 1195 3635 confudisse

160 3650 244 3714 duos
264 3650 346 3715 inter
366 3674 400 3716 se
424 3652 587 3738 Philippos
608 3651 656 3715 vel
680 3652 880 3740 Polycratem
902 3652 950 3717 vel
973 3653 1193 3721 doctissimum

159 3737 510 3822 patrem-Clementem
534 3737 784 3802 Alexandrinum
809 3738 841 3802 in
862 3738 920 3802 lib.
936 3739 980 3803 iii.
1003 3740 1116 3806 Strom.
1137 3744 1192 3807 ubi

159 3823 326 3908 apostolus
352 3823 516 3908 Philippus
540 3823 617 3886 filias
644 3845 716 3886 suas
740 3823 773 3887 in
795 3824 999 3889 matrimonio
1021 3826 1195 3891 collocasse

159 3907 290 3985 dicitur,
315 3909 403 3994 quod
430 3924 539 3972 tamen
567 3908 607 3971 de
635 3930 697 3972 una
724 3921 850 3973 tanturn
871 3910 1011 3995 ipsarum
1033 3924 1118 3977 recte
1138 3913 1194 3976 -in-

159 3992 300 4079 telligas.
346 3994 466 4057 Saltem
487 3993 596 4071 credo,
614 3993 786 4073 neminem,
807 3995 961 4081 quicquid
980 4009 1090 4061 contra
1110 3997 1195 4062 dicat

160 4078 320 4157 Valesius,
343 4080 517 4157 dubitasse,
539 4080 617 4165 quin
642 4079 806 4166 Philippus
828 4080 979 4145 diaconus
1002 4094 1034 4145 et
1058 4103 1193 4168 evange-

110 4184 113 4189 ·
160 4164 235 4228 lista
249 4166 282 4228 in
297 4166 435 4230 Actibus
448 4168 480 4229 A
504 4165 680 4229 ostolorum
701 4180 983 4242 commemoratus,
998 4167 1078 4231 alius
1098 4168 1195 4232 fuerit
1232 4221 1235 4230 .

161 4273 181 4314 a
198 4250 345 4337 Philippo
359 4273 398 4316 ex
411 4187 581 4316 duodecim
597 4251 761 4338 apostolis.
790 4251 938 4339 Dignum
952 4251 1150 4338 aliquatenus
1164 4268 1197 4318 et
