2716 4748
167 298 221 367 ns
238 297 374 365 srrsr.
392 296 616 364 uranum.
636 295 989 377 arcuncurtis.
1032 319 1094 388 333

82 491 133 534 uae
161 467 247 555 apud
273 468 369 554 ipsos
390 480 502 531 exorta
526 466 667 547 fuerat,
681 464 796 552 quidve
824 466 987 552 agendum
1014 469 1098 534 foret

102 566 234 633 oritano,
249 552 421 617 Theodoto
435 551 580 650 aliisque,
595 550 652 635 qui
671 572 728 636 per
748 550 885 634 Spiritus
905 552 1007 616 sancti
1024 575 1099 639 gra·
1196 608 1201 614 .

59 637 140 702 tiam
153 638 262 702 futura
274 659 310 700 se
324 636 497 722 praedicere
507 636 685 722 jactabant.
718 636 771 698 De
784 634 833 698 his
848 636 949 722 igitur
963 637 1100 724 Lugdu·

60 744 175 785 nenses
197 743 235 786 ac
256 723 452 786 Viennenses
474 720 663 805 presbyteri,
683 717 724 782 ad
745 719 883 785 Asianos
907 724 1099 788 sententiam

22 857 26 865 .
60 829 154 871 suam
174 805 426 891 perscripserunt
445 804 598 890 peculiari
619 802 766 888 epistola,
782 826 880 889 quam
901 807 1025 871 utinam
1046 807 1100 873 hic

61 912 195 978 quoque
215 890 416 976 apposuisset
436 889 605 954 Eusebius.
650 887 811 973 Epistulas
826 912 957 976 quoque
976 906 1100 979 marty·

60 998 135 1039 rum
157 995 196 1038 ea
217 975 257 1038 de
280 996 313 1038 re
333 974 375 1038 ad
396 974 534 1038 Asianos
555 973 699 1057 scriptas,
715 973 780 1036 suis
801 974 900 1038 literis
918 975 1101 1062 adjecerant

60 1058 241 1145 presbyteri
260 1058 505 1143 Lugdunenses,
527 1069 564 1120 ut
585 1057 774 1120 sententiam
798 1080 888 1123 suam
909 1061 1101 1126 auctoritate

60 1156 242 1230 martyrum
257 1143 492 1207 confirmarent.
536 1142 636 1208 Quod
656 1142 682 1206 si
703 1141 861 1227 conjicere
875 1143 962 1223 licet,
977 1145 1047 1211 haec
1061 1146 1102 1211 il-

60 1228 172 1293 lorum
195 1228 319 1292 videtur
344 1228 442 1291 fuisse
465 1228 622 1291 sententia
634 1250 644 1305 ;
672 1227 845 1312 prophetas
868 1228 941 1292 illos
961 1229 1102 1316 benigne
1144 1280 1147 1284 -

61 1311 249 1377 tractandos
260 1333 341 1390 esse,
354 1326 388 1376 et
398 1311 438 1375 ad
450 1312 673 1398 poenitentiam
709 1312 922 1377 rovocandos:
939 1315 1016 1379 acsi
1030 1315 1104 1402 qui·

63 1396 140 1462 dem
159 1396 447 1482 resipiscerent„ad
467 1395 635 1460 ecclesiam
657 1332 873 1461 admittendos
891 1419 972 1478 esse,
986 1412 1024 1463 ut
1042 1421 1104 1485 pax

63 1483 150 1546 inter
170 1483 283 1545 fratres
305 1481 472 1545 solidetur.
515 1481 550 1544 Si
573 1502 644 1543 vero
665 1479 844 1566 pertinaces
864 1483 897 1546 in
917 1503 1024 1546 errore
1044 1506 1104 1549 suo

64 1578 303 1652 permanerent,
318 1586 376 1629 nec
392 1580 466 1652 post
481 1566 662 1650 frequentes
680 1563 914 1630 admonitiones
935 1568 1106 1654 obtempe-

65 1671 137 1716 rare
157 1651 377 1715 sacerdotibus
398 1650 524 1730 vellent,
539 1650 579 1712 ab
602 1648 745 1712 ecclesiae
765 1670 821 1713 cor
844 1672 899 1713 ore
915 1652 1106 1719 abscinden-

66 1735 139 1801 dos.
169 1736 268 1800 Porro
283 1736 324 1800 ab
338 1734 452 1799 iisdem
468 1737 518 1798 Lu
544 1734 740 1798 dunensibus
756 1671 949 1821 presiryteris
965 1738 1106 1803 lrenaeus

66 1823 208 1884 Romam
222 1819 363 1884 directus
377 1833 428 1883 est
442 1819 483 1883 ad
497 1756 709 1883 Eleutherum
726 1819 856 1904 Papam,
871 1840 947 1884 cum
961 1821 1106 1908 epistolis

66 1918 136 1970 tam
158 1919 337 2003 martyrum
359 1926 455 1989 quam
477 1903 703 1989 Lugdunensis
727 1903 827 1981 Cleri,
848 1916 886 1968 ut
907 1928 982 1969 cum
1008 1907 1106 1971 Eleu·

67 1989 163 2054 thero
177 1988 218 2053 de
232 1988 347 2052 iisdem
361 1991 457 2052 rebus
476 1988 738 2053 communicaret.
784 1988 870 2052 Cum
884 1990 968 2054 enim
985 1991 1019 2054 in
1034 2013 1106 2056 om-

62 2074 164 2143 nibus
186 2073 408 2137 ecclesiasticis
427 2072 567 2159 negotiis
588 2073 701 2160 primae
721 2087 829 2139 essent
842 2088 950 2159 partes
963 2076 1108 2164 episcopi

70 2157 220 2238 Romani,
234 2157 352 2223 merito
365 2158 600 2244 Lugdunenses
614 2158 697 2221 hanc
711 2159 961 2223 controversiam
976 2160 1017 2225 ad
1031 2183 1108 2227 eum

69 2242 277 2308 detulerunt:
305 2242 337 2307 id
362 2257 494 2328 agentes
518 2256 552 2306 et
574 2242 724 2306 omnibus
749 2242 854 2306 modis
876 2244 1052 2325 studentes,
1071 2259 1110 2313 ut

68 2328 214 2415 episcopi
237 2327 374 2391 Romani
394 2327 585 2392 auctoritate
606 2349 678 2412 quae
701 2348 829 2411 semper
848 2350 975 2392 summa
992 2330 1055 2395 fuit
1075 2331 1110 2396 in

47 2486 51 2492 .
71 2413 218 2492 ecclesia,
233 2412 304 2477 haec
320 2412 405 2512 apud
418 2413 531 2476 Asiam
547 2425 618 2476 orta
637 2411 790 2487 dissensio
807 2411 981 2492 sedaretur,
995 2427 1028 2479 et
1047 2435 1112 2501 pax

70 2498 107 2567 in
120 2496 256 2562 ecclesia
269 2509 499 2562 restitueretur.
520 2499 693 2563 Vstssru
702 2517 730 2560 s.
768 2495 924 2560 conferas
939 2497 980 2562 de
993 2497 1043 2564 his
1058 2521 1109 2564 re-
1127 2499 1136 2506 ’

70 2583 135 2648 bus
164 2581 391 2648 Constantium
422 2585 524 2668 supra
546 2581 588 2645 ad
615 2583 798 2647 Manrrs.
828 2584 953 2650 Lucu.
982 2585 1109 2652 Errsr.

71 2673 230 2754 pag.261.
