2716 4748
320 303 374 373 m
395 300 664 373 commum
684 299 1014 371 nucouunusn.
1118 321 1185 391 ⁴09

149 497 267 558 naennr,
277 477 334 543 ubi
346 498 452 565 supra,
463 483 486 518 “
495 475 613 542 Ruffini
626 474 734 562 potius
748 473 1041 576 interpretationem
1053 485 1185 542 secutus

150 571 173 606 “
188 586 272 642 sum,
287 586 386 652 quam
406 563 552 629 Musculi
565 576 598 628 et
611 561 744 640 Valesii,
760 585 816 648 qur
836 583 894 648 per
913 567 1069 650 κρατὲντας
1088 561 1185 626 intel-

148 657 174 693 “
187 650 333 717 lexerunt
346 649 541 715 ecclesiarum
550 648 714 736 praesides,
730 648 819 713 ducti
838 648 1030 713 auctoritate
1045 647 1186 712 Socratis

147 742 173 778 ‘⁴
187 734 273 801 hunc
289 735 402 799 lrenaei
414 736 534 815 locum,
545 757 656 823 quem,
669 734 716 799 uti
728 733 888 822 conjicere
902 731 989 812 licet,
1003 756 1068 820 prae
1082 732 1187 799 oculis

149 827 173 864 ‘⁶
187 821 313 901 habuit,
327 822 373 886 ita
385 821 460 887 loco
476 821 574 886 citato
587 819 759 885 imitantis:
774 818 857 884 αἴτιοι
873 823 943 906 γὰρ,
954 823 990 894 ὥς
1004 825 1123 906 ἡγέμας,
1137 825 1187 898 τῆς

150 913 174 948 “
186 908 314 985 τοιαύτης
328 907 472 989 διαφωνίας
486 914 510 971 oi
524 910 600 970 κατὰ
615 908 707 991 καιρὸν
721 915 775 970 τῶν
789 909 941 983 ἐκκλησιῶν
954 914 1112 992 προεςᾶνιες
1125 906 1186 970 8ω.

150 997 174 1033 “
188 993 289 1057 Haud
304 993 436 1056 memini
447 993 544 1070 enim,
556 1015 608 1055 me
619 992 744 1076 uspiam
758 991 792 1055 in
807 991 963 1077 primaevis
979 992 1188 1077 scriptonbus

150 1084 174 1119 “
189 1101 267 1143 voce
282 1077 443 1166 κςατέντων
461 1079 506 1142 ita
519 1077 705 1163 simpliciter
718 1077 824 1163 posita
837 1077 989 1162 episcopos
1002 1077 1188 1163 designatos

149 1170 173 1205 “
187 1163 317 1250 legisse.
350 1165 449 1228 altera
473 1185 547 1228 vero
576 1162 766 1248 significatio
796 1162 829 1225 in
856 1163 929 1249 ipso
956 1185 1047 1229 sacro
1075 1162 1189 1228 oodioe

149 1256 175 1290 “
189 1250 295 1314 Marc.
307 1249 359 1314 vii.
370 1264 401 1328 3,
412 1263 443 1314 4.
456 1261 490 1313 et
505 1249 535 1313 in
551 1251 681 1313 Patrum
697 1249 913 1313 monumentis
928 1249 1189 1336 frequentissime

150 1341 175 1377 “
188 1335 340 1414 occurrit,
355 1349 389 1401 et
403 1335 554 1400 hocloco
570 1334 771 1399 antecedenti
784 1336 881 1400 verbo
896 1336 1086 1421 ἐπιτηροόντον
1105 1334 1191 1400 bene

150 1429 175 1462 “
189 1421 373 1507 respondet.
417 1423 621 1509 Quocunque
641 1434 750 1486 autem
768 1443 866 1485 sensu
884 1422 1069 1507 accipiatur,
1082 1419 1190 1507 culpae

150 1514 174 1548 “
190 1515 244 1573 τῶν
262 1512 347 1594 παρὰ
367 1509 398 1571 τὸ
419 1505 529 1592 ἂκριὲἒς
548 1506 720 1594 κρατέντοιν,
735 1529 800 1572 non
814 1507 884 1593 ipsa
894 1507 1010 1607 jejunii
1024 1518 1190 1593 ante-pas-

149 1600 174 1635 “
191 1592 291 1658 chalis
303 1593 430 1678 religio,
442 1593 499 1657 sed
511 1593 633 1658 diversa
643 1592 831 1658 observandi
846 1607 927 1658 rano
938 1595 979 1658 ab
994 1595 1118 1658 Irenaeo
1133 1591 1192 1656 ad·

150 1686 176 1720 ‘⁴
189 1679 309 1766 scripta
323 1679 446 1744 censeri
460 1678 591 1743 debet.”
624 1679 677 1743 De
691 1679 954 1765 interpretatione
969 1682 1055 1744 vocis
1070 1677 1192 1779 κςατᾶν-

149 1790 206 1829 ταν
221 1765 345 1829 Grabio
358 1765 563 1829 consentiunt
577 1764 755 1831 doctissimi
770 1766 922 1851 praesules
938 1765 1141 1850 Gunningrus
1157 1776 1193 1830 et

151 1852 329 1936 Hooperus
349 1852 380 1914 in
401 1853 557 1917 Tractatt.
577 1851 642 1916 suis
656 1853 708 1915 De
728 1851 985 1938 Quadrngesirna,
999 1849 1193 1936 Beveregius

148 1935 230 2000 Cod.
247 1938 323 2001 Con.
344 1936 401 2001 lib.
413 1937 465 2001 vii.
480 1959 509 2000 c.
521 1953 551 2002 3.
568 1939 599 2020 ξ.
612 1949 643 2000 4.
664 1939 925 2022 Massuetusque‚
948 1937 1046 2001 Notis
1068 1936 1108 2000 ad
1126 1938 1193 2000 Ire·

150 2044 259 2088 noearm
273 2044 304 2108 p.
318 2036 388 2087 340.
403 2035 436 2087 et
450 2023 537 2086 alibi.
573 2024 664 2086 Loco
686 2044 782 2107 porro
805 2022 903 2085 addas
924 2023 958 2086 S.
979 2023 1194 2109 Scripturaea

151 2107 221 2172 viro
235 2109 277 2173 cl.
291 2108 387 2173 allato
402 2108 494 2172 illum
506 2108 724 2194 Apocalypsis,
736 2107 841 2194 capite
854 2107 886 2170 ii.
900 2129 1019 2172 comm.
1035 2106 1195 2208 13.”Ἐχεις

151 2193 202 2257 καὶ
225 2195 262 2258 σὺ
281 2201 448 2280 κρατοῦντας
470 2197 516 2271 τὴν
538 2196 653 2280 διδαχὴν
672 2201 725 2256 τῶν
744 2197 932 2257 Νικολαϊτῶν.
970 2195 1095 2258 Interea
1112 2193 1195 2258 mihi

150 2279 271 2344 oborta
284 2295 334 2344 est
348 2278 498 2365 suspicio,
513 2279 581 2342 imo
596 2278 700 2363 magis
715 2279 824 2363 opinio
844 2293 920 2342 nata
932 2293 993 2358 est,
1007 2301 1047 2343 ex
1059 2279 1110 2344 his
1125 2300 1195 2342 ver·

152 2364 216 2444 bia,
232 2372 285 2430 τῶν
306 2369 393 2451 παρὰ
414 2367 446 2427 τὸ
467 2362 576 2452 &tepidis
595 2361 765 2448 xpardvrcrv,
782 2365 896 2428 lrenaei
911 2365 1020 2428 animo
1035 2377 1194 2430 versatum

152 2472 226 2515 esse
240 2463 357 2536 praeter
369 2451 563 2514 Asianorum
577 2449 640 2514 alia
651 2461 755 2513 errata
764 2449 930 2513 *calculum
945 2452 1050 2514 minus
1064 2471 1196 2515 accura-

152 2549 227 2600 tum
246 2537 379 2600 decimae
402 2549 525 2622 quartae
545 2535 631 2600 lunae
649 2535 822 2621 paschatis,
837 2556 931 2622 quem
953 2536 1067 2601 iisdem
1082 2535 1197 2600 adver·

153 2622 230 2686 sarii
244 2622 440 2708 objecerant.
485 2624 574 2685 lnter
595 2621 773 2704 Clementis
794 2620 1003 2685 Alexandrini
1023 2621 1123 2686 libros
1144 2642 1197 2686 re·

150 2719 304 2771 censetur
318 2709 360 2772 ab
375 2707 516 2772 Eusebio
540 2713 554 2770 ὀ
575 2705 812 2793 ἐπιγεγραμμένος
832 2705 919 2771 κανὼν
940 2706 1195 2787 ἐκκλησιαςιιιὸς,ἧ

152 2795 230 2878 πρὸς
250 2794 312 2868 τοὺς
332 2793 541 2875 Ἰουὸαΐζοντας,
559 2791 588 2856 ’ὂν
606 2794 780 2879 Ἀλεξάνδρῳ
801 2798 841 2877 τῷ
862 2792 1035 2880 δεδηλωμένα
1056 2793 1196 2881 ἐπιοκὸπφ

154 2877 342 2942 ἀνατέθεικεν.
361 2878 418 2942 lib.
430 2879 471 2943 vi.
490 2878 575 2942 Hist.
590 2899 661 2964 cap.
679 2893 725 2942 13.
755 2878 840 2943 Vide
853 2889 887 2942 et
904 2876 1105 2944 Constantini
1114 2882 1196 2964 Imp.

155 2962 338 3048 Epistulam
353 2965 396 3028 ad
409 2964 567 3028 Ecctenas
586 2965 619 3028 in
639 2963 770 3028 Eusebii
789 2964 865 3029 Vna
880 2963 982 3051 ejusd.
1000 2964 1199 3031 Constantini

155 3049 215 3114 lib.
228 3049 272 3113 iii.
287 3071 357 3135 cap.
373 3063 420 3114 13.
435 3065 469 3114 et
484 3050 615 3115 Constit.
627 3050 738 3135 Apost.
751 3074 781 3114 v.
797 3061 845 3126 17.

203 3137 255 3199 Ita
276 3157 352 3199 cum
370 3135 493 3200 ludaeis
516 3159 581 3200 non
603 3149 728 3200 tantum
750 3135 836 3200 circa
857 3135 954 3216 diem,
969 3137 1026 3201 sed
1043 3137 1140 3201 etiarn
1156 3135 1199 3202 de

157 3241 269 3285 mense
295 3221 478 3285 convenisse
501 3221 675 3299 Asiaticos,
701 3221 798 3285 docet
826 3222 971 3307 Scaliger
998 3223 1030 3286 in
1054 3222 1117 3306 Op.
1146 3223 1199 3286 De

157 3305 387 3370 Emendationis
411 3308 442 3370 T
439 3322 595 3392 empornrn
616 3306 673 3371 lib.
688 3306 722 3370 ii.
745 3328 778 3392 p.
797 3319 864 3370 154.
887 3321 922 3371 et
943 3307 1030 3371 alibi.
1065 3307 1142 3372 Vid.
1163 3318 1199 3373 et

157 3391 316 3456 Buxtorlii
331 3392 433 3478 Epist.
449 3391 490 3455 ed
504 3391 600 3456 eund.
617 3391 829 3478 Scaligerum,
843 3391 876 3455 in
891 3392 1020 3480 Sylloge
1034 3392 1199 3478 Epistola·

157 3498 232 3540 rnrn
251 3497 308 3562 per
331 3479 364 3541 P.
378 3479 600 3542 Burmannum
615 3477 693 3542 edit.
708 3477 771 3542 vol.
781 3477 815 3541 ii.
830 3498 863 3563 p.
875 3485 944 3542 363.
990 3480 1109 3543 Utrum
1124 3498 1199 3544 vero

157 3560 196 3628 hi
217 3562 501 3649 quartadecimani,
523 3563 570 3627 ait
591 3562 747 3649 Scaligeri
769 3562 965 3628 adversarius
986 3564 1084 3629 Dion.
1107 3567 1201 3630 Peta-

158 3647 240 3726 viuS,
262 3648 436 3712 Judaicum
459 3648 601 3735 cyclum,
625 3671 666 3713 an
691 3648 789 3712 aliurn
815 3650 1004 3735 quemlibet,
1030 3651 1201 3732 tenuerint,

159 3732 298 3797 divinari
314 3747 480 3819 utcunque
525 3747 620 3813 otest,
642 3734 847 3820 pronunciari
869 3748 959 3799 certo
988 3758 1053 3799 non
1081 3749 1200 3823 potest.

150 3820 214 3884 ·De
229 3819 337 3883 Doctr.
352 3821 458 3903 Temp.
474 3754 531 3883 til.
541 3820 574 3883 ii.
586 3840 657 3904 cap.
667 3833 717 3884 ⁵8.
741 3819 839 3884 Certe
854 3833 962 3885 tamen
977 3821 1115 3886 innuunt
1130 3824 1203 3886 Ire«

159 3904 225 3968 nae‘i
240 3904 337 3969 verba
352 3905 385 3968 in
404 3926 513 3969 annuo
532 3905 660 3990 paschae
676 3919 822 3991 tempore
835 3907 1056 3993 computando
1069 3930 1088 3972 a
1103 3929 1137 3973 se
1151 3908 1202 3972 in·

159 3990 264 4054 vicem
279 4003 385 4076 partes
399 3991 476 4055 istas
492 3989 629 4054 diversas
641 3989 847 4077 discrepasse.

207 4077 243 4139 P.
254 4090 325 4154 391.
347 4076 370 4139 l.
386 4091 432 4140 13.
455 4079 502 4153 τὴν
528 4078 593 4139 καθ’
618 4076 764 4153 ἁπλότητα
790 4079 838 4140 καὶ
864 4078 1020 4160 ἰδιοοτιομὸν
1043 4077 1201 4163 συνήθειαν]

161 4160 220 4225 Ad
245 4161 331 4225 hunc
356 4162 470 4225 lrenaei
492 4162 602 4226 locum
625 4161 749 4227 videtur
770 4162 913 4227 alludere
934 4163 1150 4228 Tertullianus
1170 4164 1204 4229 iu

162 4246 248 4312 libro
268 4247 309 4312 de
328 4246 520 4336 Virginibus
536 4246 687 4330 velandis,
701 4269 778 4314 cum
800 4249 867 4317 ait:
890 4249 946 4314 Er
967 4247 1015 4315 nn
1035 4247 1118 4314 enim
1128 4249 1205 4337 fere
