2716 4748
460 285 775 363 PRAEFATIO.
1060 308 1141 361 m
1291 288 1297 299 “

92 465 171 539 riri
218 465 326 543 Tum·
346 480 487 562 sutem,
509 484 554 545 ut
576 471 802 548 dubitationi
826 469 936 544 locus·
954 494 1001 542 ne
1025 469 1139 544 relin-

10 583 12 595 '
92 602 239 686 quatur,
255 617 304 666 ex
324 605 446 667 vetere
467 595 533 668 illo
547 595 761 670 Jsmesiuno
780 595 959 692 Cstslogo
979 605 1138 685 constet,

92 718 164 791 tuln
180 717 273 790 olim
287 719 477 818 exemplar
499 719 538 792 in
557 720 782 793 bibliotheca
796 717 942 792 Bodleii
959 716 1138 808 extitisse,

91 849 129 911 ct
154 832 307 935 quidem
333 853 420 915 unte
444 855 635 919 mortuum
660 842 851 931 Ssvilinm,
880 840 959 937 qui,
985 837 1141 912 Usscrio

90 973 199 1052 teste,
208 961 414 1038 Eusebium
427 965 625 1039 umdemiae
643 976 779 1038 nostrae
792 963 1002 1037 donaverat.
1041 960 1141 1034 Haec

93 1110 179 1183 quae
202 1087 285 1160 dixi
306 1089 444 1180 omnis,
469 1089 567 1162 inter
591 1115 630 1162 se
654 1085 862 1176 convenire,
879 1086 978 1184 talpa
1002 1085 1141 1157 coecior

92 1209 142 1282 sit
161 1236 310 1284 necesse
329 1225 399 1303 est,
419 1214 483 1309 qui
509 1238 584 1286 non
607 1225 747 1286 cerunt.
796 1210 904 1284 Idem
921 1210 1026 1298 liber,
1043 1210 1140 1282 sicut

92 1333 280 1409 Velesium
302 1337 450 1408 monuit
475 1336 659 1426 Usserius,
676 1334 923 1434 bombycinus
939 1347 1008 1425 est,
1021 1346 1061 1406 et
1076 1334 1142 1407 de-

91 1458 191 1531 cimo
205 1458 340 1553 quinto
354 1458 501 1532 circiter
522 1461 657 1561 saeculo
679 1459 837 1556 scriptus
854 1457 965 1531 fuisse
981 1457 1140 1532 videtur.

94 1582 267 1656 Servatur
282 1608 432 1680 quoque
452 1584 492 1656 in
514 1609 560 1655 eo
581 1583 621 1655 in
646 1594 812 1654 extremo
831 1581 1019 1653 volumine
1033 1605 1139 1678 opus,

93 1703 193 1799 quod
208 1702 258 1777 de
278 1703 508 1778 Constantini
523 1704 583 1777 M.
602 1705 694 1778 Vita
711 1702 896 1776 Eusebius
919 1702 1140 1801 componit.

92 1825 193 1922 Fq'us-
209 1826 251 1901 in
275 1827 496 1901 lectionibus
524 1826 728 1916 afferendis,
754 1852 870 1924 quum
899 1827 1063 1900 codicem
1093 1826 1140 1901 sd

94 1972 246 2023 menum
275 1974 353 2022 non
382 1950 545 2039 baberet,
573 1949 707 2022 erravit
730 1948 919 2022 interdum
945 1948 1141 2035 Valesius3

93 2082 131 2143 nt
163 2071 227 2143 ille
260 2096 327 2168 per
358 2070 586 2144 Suvilimum
619 2072 754 2144 librum
789 2073 979 2170 exemplar
1010 2072 1143 2145 editio-

94 2195 151 2267 nis
176 2193 438 2293 Stephaninnae
468 2194 578 2268 variis
606 2195 825 2268 lectionibus
851 2207 1004 2268 auctum
1033 2196 1144 2269 intel·

94 2319 196 2394 lenit.
247 2318 440 2418 Deipsius
456 2344 542 2392 vero
558 2315 695 2392 codicis
717 2319 897 2416 scripturn
913 2318 1143 2415 frequentius

95 2441 343 2516 hallucinatus
366 2455 424 2516 est
448 2441 656 2514 Fridericus
681 2440 879 2530 strothius,
904 2442 937 2514 is
962 2443 1026 2537 qui
1056 2455 1143 2516 unte

95 2588 211 2636 suuos
228 2564 312 2662 plus
327 2563 481 2662 triginta
498 2563 609 2636 libros
626 2575 766 2662 septem
782 2563 998 2636 Eusebium
1012 2563 1143 2639 Histo-

96 2685 159 2758 ria
176 2684 287 2758 Hulae
302 2685 350 2759 sd
367 2685 492 2758 Salem
509 2685 640 2758 Graece
658 2684 786 2757 edidit.
839 2683 925 2782 Ipse
945 2697 1068 2758 autem
1086 2686 1144 2760 vir

71 2842 75 2847 ·
94 2807 143 2880 cl.
159 2807 203 2881 in
219 2807 438 2881 Praefntioue
458 2833 526 2880 sua
542 2807 591 2880 ad
608 2833 690 2906 pag.
708 2807 769 2880 vii.
787 2807 863 2879 suis
880 2807 996 2906 ipsius
1012 2809 1144 2882 errori-

96 2929 167 3000 bus
183 2953 380 3003 occurrens
394 2929 478 3002 haec
493 2929 571 3014 eit3
594 2938 619 2972 “
631 2929 845 3003 Moueudus
867 2942 924 3002 est
944 2931 1070 3020 lector,
1088 2944 1144 3004 ts·

96 3057 120 3093 “
137 3050 255 3125 citum
273 3053 383 3148 hujus
393 3052 535 3124 ¹codicis
552 3051 758 3148 (Savilisni)
772 3053 1029 3126 testimouium
1044 3079 1144 3152 steps

98 3180 122 3213 “
137 3200 162 3245 a
179 3174 287 3247 uobis
303 3175 516 3272 allegatum,
533 3174 597 3246 ubi
613 3173 736 3245 forsan
759 3199 835 3245 nou
856 3173 1005 3271 allegari
1028 3174 1146 3249 debu-

99 3303 123 3338 “
138 3296 239 3369 isset.
292 3295 371 3369 Ubi
395 3322 531 3394 nempe
545 3295 713 3368 Vulcsius
729 3294 899 3368 codicum
917 3296 1019 3370 Mar.
1037 3297 1144 3375 Medi

100 3423 123 3456 “
140 3427 179 3488 et
197 3415 336 3490 Fuket.
360 3417 616 3490 testimonium
639 3443 705 3515 pro
731 3417 855 3513 eliqua
877 3418 1034 3492 lectione
1057 3421 1146 3495 alle·

99 3544 124 3579 “
138 3550 299 3636 guverst,
325 3539 372 3613 de
400 3539 584 3615 Sutilisno
611 3540 707 3613 nihil
735 3541 873 3630 diceus,
899 3542 951 3613 ibi
977 3541 1072 3615 nihil
1096 3543 1145 3617 sd

100 3670 123 3703 “
139 3663 347 3760 marginem
370 3663 450 3760 ejus
474 3663 645 3738 notutum
664 3664 748 3759 jure
770 3664 1074 3755 existimavimus,
1091 3679 1146 3741 st*

100 3791 125 3825 “
140 3809 215 3880 que
242 3785 332 3858 binc
361 3786 512 3859 οοῶεωιι
539 3785 627 3859 Son
656 3798 831 3881 tunquam
846 3811 951 3859 -cum
986 3788 1080 3886 Reg.
1107 3800 1147 3863 et

101 3915 124 3947 “
140 3906 591 4005 &spbconsentientem
618 3908 892 4007 allegavimus?
952 3910 1014 3983 Sic
1042 3913 1147 3985 Stru-

102 4028 220 4114 tbius3
243 4031 323 4127 qui,
339 4031 470 4105 uthoe
487 4030 569 4103 loco
584 4030 624 4105 id
645 4056 829 4120 moneam,
845 4031 885 4104 iu
901 4031 1064 4106 editione
1080 4060 1147 4109 sus

103 4152 263 4243 (utinum
283 4153 385 4231 illm
402 4155 580 4255 adfinem
606 4155 853 4255 perduxisset)
870 4157 1049 4256 plurimus
1072 4158 1147 4235 lec·
