2716 4748
139 240 961 364 1113.1101111111111111111111111.
1007 309 1068 381 155

27 486 51 531 a·
67 464 288 551 superioribus
310 466 507 551 principibus
525 464 721 549 conscriptas
736 477 883 528 accurate
896 476 1069 528 recenseat.

25 550 95 615 sed
116 566 152 615 et
170 550 419 615 fulminatrieem
440 550 527 613 illam
544 550 576 611 in
592 547 798 634 Cappadocia
812 549 904 612 sedes
919 549 1069 612 habuisse

26 634 122 713 dicit,
143 634 231 720 quod
254 634 413 698 Melitinae
436 634 557 718 legioni
579 649 653 718 apte
674 633 832 696 convenit.
879 634 917 694 In
942 633 1070 697 Notitia

27 717 158 805 Imperii
174 720 323 796 Romani,
338 720 400 781 sub
414 717 626 803 dispositione
640 717 729 781 ducis
746 718 908 780 Armeniae
925 737 1071 780 recense-

26 814 84 867 tur
112 804 307 867 Praefectura
333 802 472 887 legionis
505 816 551 864 12.
576 803 739 866 fulmineas
767 801 936 879 Melitinae,
962 800 995 864 id
1023 816 1072 866 est

28 908 50 951 a
96 886 120 951 d
142 886 298 973 oppidum
321 886 504 950 Melitinam
527 886 721 950 constitutae.
765 887 814 948 Ex
829 908 894 972 quo
907 884 1072 970 colligitur

28 908 215 1035 tiiliunsm
237 992 357 1034 nomen
377 971 514 1055 legionis
532 976 597 1033 'non
618 971 726 1046 fuisse,
741 969 798 1034 sed
819 969 940 1054 oppidi,
954 971 986 1033 in
1006 991 1072 1055 quo

28 1054 123 1141 legio
149 1070 195 1119 12.
218 1056 373 1131 fulminea
396 1055 603 1119 consistebat.
646 1055 807 1139 Legiones
822 1075 896 1117 vero
911 1076 930 1117 a
944 1054 1024 1117 locis
1039 1053 1072 1117 in

28 1141 151 1227 quibus
173 1139 359 1225 praesidium
380 1139 533 1225 agebant,
556 1140 761 1203 denominare
787 1139 885 1202 moris
911 1160 976 1202 non
1000 1138 1074 1216 fuit,

29 1224 89 1289 sed
103 1244 125 1288 a
136 1224 323 1309 regionibus
338 1224 371 1286 in
386 1224 504 1310 quibus
518 1238 608 1287 erant
621 1223 822 1308 conscripta.
856 1224 970 1308 ltaque
985 1222 1075 1308 quod

30 1306 73 1373 de
93 1306 225 1393 legione
247 1308 397 1372 Melitina
417 1308 514 1372 tradit
536 1307 704 1386 Eusebius,
719 1329 832 1393 parum
855 1307 936 1371 mihi
957 1308 1073 1393 proba-

30 1392 98 1457 bile
125 1393 262 1457 videtur.
305 1392 401 1456 Adde
427 1393 515 1478 quod
545 1393 680 1456 Rufinus
703 1392 766 1455 hoc
793 1392 929 1477 legionis
955 1412 1074 1455 nomen

31 1477 195 1555 consulto,
210 1489 248 1540 ut
261 1477 409 1555 arbitror,
423 1477 627 1562 praetermisit
634 1501 644 1555 ;
660 1477 780 1561 quippe
794 1477 849 1560 qui
864 1487 983 1552 nosset,
998 1477 1074 1539 Me-

31 1560 159 1625 litinam
175 1582 294 1625 nomen
307 1583 378 1625 esse
392 1562 503 1647 oppidi
523 1561 656 1626 minoris
671 1561 843 1638 Armenia,
859 1559 892 1622 in
906 1583 974 1645 quo
988 1559 1076 1646 legio

36 1658 84 1709 12.
98 1644 256 1709 fulminea
275 1644 381 1709 adhuc
403 1668 461 1709 sua
482 1660 577 1710 aetate
598 1645 822 1730 praetenderet.
866 1645 966 1709 Recte
979 1645 1077 1707 etiam

32 1728 124 1795 idem
139 1730 275 1794 Rufinus
291 1729 483 1816 supersedisse
497 1731 685 1794 fulmineam
704 1729 816 1806 vertit3
838 1751 904 1792 non
924 1728 1078 1792 fulmina-

33 1813 163 1892 tricem,
176 1829 215 1878 ut
229 1814 418 1913 Onuphrius
432 1828 466 1879 et
480 1814 623 1900 Scaliger
636 1815 753 1900 aliique
769 1813 940 1899 appellant.
984 1814 1078 1900 Quos

34 1898 156 1963 refellit
168 1898 299 1963 Notitia
312 1899 437 1984 imperii
453 1900 485 1962 in
499 1899 574 1963 loco
589 1920 685 1984 quem
700 1899 845 1983 superius
859 1896 989 1962 adduxi.
1013 1896 1079 1960 Ce-

34 1994 145 2048 terum
165 1994 204 2047 ut
222 1984 363 2069 ingenue
383 1983 488 2047 dicam
505 1983 593 2070 quod
608 1984 722 2062 sentio,
736 2004 850 2068 parum
865 1983 946 2046 mihi
959 1982 1077 2068 proba·

32 2067 101 2132 bile
129 2066 267 2146 videtin,
294 2080 396 2133 totam
425 2068 588 2153 legionem
616 2069 757 2132 militum
789 2070 1009 2131 Romanorum
1038 2087 1079 2129 eo

34 2162 186 2237 tempore
202 2151 419 2217 Christianam
433 2153 544 2231 fuisse,
558 2152 646 2238 quod
661 2166 770 2217 tamen
785 2152 941 2215 affirmare
955 2151 1080 2216 videtur

34 2236 210 2301 Eusebius.
252 2236 320 2323 Qui
343 2251 376 2300 et
393 2237 427 2298 in
444 2257 484 2300 eo
506 2249 631 2336 peceat,
648 2236 737 2321 quod
751 2235 948 2320 Apollinaris
969 2236 1078 2299 locum
1134 2239 1138 2245 '

35 2340 102 2385 non
123 2319 274 2405 protulit,
292 2340 352 2384 neo
372 2320 491 2384 librum
514 2342 633 2406 ipsum,
647 2321 680 2383 in
702 2342 768 2467 <ppo
790 2321 861 2383 haec
883 2319 1080 2404 Apollinaris

36 2404 220 2491 nuptm,
232 2404 394 2469 indicavit.
426 2405 491 2468 Sed
504 2418 538 2468 et
551 2405 647 2468 verba
660 2405 715 2489 qui
739 2427 776 2468 us
791 2416 892 2468 totam
908 2404 991 2467 hanc
1006 2425 1080 2467 nar·

37 2487 200 2555 rationem
214 2488 391 2567 concludit,
403 2489 478 2552 satis
493 2489 635 2552 indicant
648 2490 753 2575 ipsum
765 2489 806 2552 de
817 2489 948 2552 veritate
961 2487 1007 2551 rei
1019 2487 1081 2552 du·

31 2570 170 2637 bimae.
214 2573 269 2637 Sic
283 2574 448 2637 enimait:
470 2578 550 2636 ἀλλὰ
563 2579 656 2636 ταῦτα
669 2574 720 2655 μὲν
734 2572 783 2650 ὅπη
797 2599 839 2646 τις
852 2573 941 2636 ἐθέλει
955 2570 1080 2638 sotus.

18 2714 21 2719 .
38 2656 79 2723 ld
89 2670 155 2736 est,
167 2658 234 2722 Sed
246 2656 287 2722 de
298 2658 348 2722 his
362 2657 498 2744 quisque
511 2678 570 2743 pro
582 2658 714 2721 arbitrio
727 2680 786 2720 suo
796 2657 932 2744 judicet.
955 2659 1081 2721 Vann-

42 2760 142 2806 srua.
177 2742 288 2806 Verba
308 2742 441 2806 Eusebii
463 2742 503 2805 ad
525 2743 609 2805 hanc
631 2741 796 2806 historiam
820 2742 989 2827 pertinere,
1004 2762 1082 2806 cum

39 2824 174 2890 Valesio
187 2825 301 2890 statuit
317 2827 504 2890 Pearsonius
523 2828 555 2890 in
573 2825 723 2890 Wndieiis
737 2828 843 2915 Ignat.
861 2828 895 2890 P.
912 2828 957 2890 ΙΙ.
971 2849 1002 2890 c.
1015 2826 1083 2891 xiii.

40 2930 72 2995 p.
86 2914 158 2973 161.
174 2909 232 2975 ubi
247 2909 310 2974 hoc
324 2910 447 2987 scribit,
459 2912 577 2974 “Tum
596 2932 671 2979 vero
692 2912 903 2974 narrationem
919 2911 1081 2996 quandam

41 2998 63 3035 “
76 2993 192 3059 statim
206 2994 365 3058 interserit
380 2994 420 3058 de
434 2995 562 3079 legione
576 2996 753 3074 Fulminea,
765 3016 861 3081 quam
877 2996 964 3059 velut
978 2997 1081 3059 incer-

42 3084 63 3119 “
75 3090 149 3142 tam
162 3078 348 3163 relinquit.”
378 3079 446 3177 Qui
461 3078 521 3142 hac
536 3078 575 3142 de
589 3079 768 3143 narratione
781 3079 873 3163 plura
887 3079 973 3158 velit,
989 3080 1084 3144 adeat

41 3174 194 3227 auctores
207 3184 228 3225 a
240 3163 428 3226 Moshemro
442 3164 475 3226 in
494 3163 581 3226 Hist.
598 3162 689 3227 Eccl.
703 3165 784 3227 Saee.
795 3165 827 3227 ii.
844 3165 878 3227 P.
890 3164 917 3226 l.
932 3185 961 3226 c.
971 3164 994 3226 i.
1010 3165 1040 3245 ξ.
1051 3181 1082 3241 9.

41 3243 215 3323 iufficatos,
251 3247 346 3311 uibus
366 3246 465 3312 addat
484 3261 601 3332 praeter
616 3247 840 3311 ecclesiasticae
856 3247 931 3310 hist.
947 3246 1087 3332 scripto-

42 3352 105 3411 res,
115 3330 214 3394 Joan.
256 3330 483 3395 ‘ehardsonum
496 3332 529 3394 in
541 3331 702 3395 Proeleett.
713 3331 801 3394 Ecci.
812 3331 876 3396 vol.
888 3331 922 3394 ii.
933 3344 966 3396 et
980 3331 1082 3395 Lard-

42 3434 159 3480 nerum
175 3414 301 3478 Testim.
314 3415 439 3479 hedrin
454 3427 486 3478 et
501 3415 629 3479 Ertaia.
645 3416 707 3479 vol.
721 3417 754 3479 ii.
769 3437 840 3500 cap.
859 3431 904 3479 15.
926 3416 983 3479 sed
1004 3437 1083 3482 con·

42 3499 158 3563 uanas
262 3520 277 3561 s
291 3498 506 3563 defendentes.
543 3500 689 3564 Dixerim
704 3521 779 3584 ego,
794 3500 880 3563 salvo
895 3500 1083 3585 prudentio-

43 3602 117 3647 mm
128 3581 171 3669 ju
194 3582 268 3659 bio,
279 3581 482 3647 Christianos
496 3585 620 3683 aliquot
634 3585 752 3648 milites
767 3586 799 3647 in
811 3586 952 3648 exercitu
967 3586 1084 3666 Marci,

43 3686 122 3732 eum
145 3666 369 3731 liberationem
390 3690 431 3732 ex
451 3690 579 3753 magnis
595 3669 751 3754 angustiis
766 3691 785 3731 a
799 3670 874 3732 Deo
889 3670 1085 3755 petivissent,

43 3772 84 3815 ex
111 3750 160 3815 eis
187 3765 299 3836 postea
328 3752 432 3816 salvos
460 3754 648 3818 mirabiliter
671 3755 775 3817 factos
801 3754 899 3817 fuisse
921 3776 985 3818 una
1009 3777 1085 3819 cum

43 3833 336 3914 commilitonibus,
361 3836 440 3900 dum
473 3837 583 3901 hostes
615 3839 742 3902 barbari
769 3850 881 3901 contra
908 3839 1084 3923 perierint3

44 3934 158 3984 uuum
177 3940 253 3983 vero
273 3919 307 3983 id
330 3921 478 4007 precibus
493 3922 637 4020 ipsorum
652 3944 841 3987 concessum
857 3923 963 4002 fuerit,
978 3925 1085 3987 solum

44 4002 175 4068 novisse
192 4002 321 4082 Deum3
344 4026 451 4089 porro,
466 4006 591 4070 etiamsi
612 4028 661 4070 res
684 4010 729 4071 ita
750 4008 893 4084 haberet,
909 4008 998 4093 quod
1011 4029 1086 4071 vero

43 4088 185 4154 similius
198 4108 269 4153 esse
288 4087 422 4154 minime
434 4090 627 4177 negaverim,
641 4092 715 4157 inde
730 4114 795 4157 non
810 4092 916 4157 statim
933 4091 1033 4175 sequi,
1049 4103 1086 4155 ut
