2716 4748
196 270 258 335 160
532 266 894 341 ANNOTATIONES

194 440 302 528 Quam
317 440 609 526 interpretationem
624 441 759 529 probare
769 464 832 508 non
847 464 993 530 possum.
1014 446 1150 533 Langus
1159 468 1227 514 1111)

194 539 228 590 11
252 527 424 591 Musculus
438 527 505 591 fere
521 526 661 591 eundem
682 549 810 591 sensum
826 529 923 593 ambo
937 530 1041 594 secuti
1054 543 1142 595 sunt.
1177 532 1227 597 Sic

192 610 277 674 enim
294 612 442 697 Longus:
460 614 507 676 Et
522 633 596 697 quse
605 621 759 696 presteras
775 613 936 677 aduersum
951 614 1119 711 Phrygum
1133 616 1229 681 111111-

192 695 252 757 sim
272 695 451 780 composuit,
467 719 540 783 quae
557 717 619 759 non
633 696 733 760 multo
751 709 821 781 post
837 719 886 761 res
900 720 1042 763 mussan
1056 700 1229 767 Ecclesium

192 778 329 844 induxit.
359 781 531 845 Musculus
545 802 620 844 vero
634 781 666 844 in
679 780 766 846 hunc
781 782 934 846 modum:
960 783 1043 868 Quae
1057 806 1120 849 non
1133 782 1229 849 1111111

186 875 259 949 post
282 875 416 949 ternpore
437 864 613 930 insolescere
634 864 739 949 coepit.
783 865 887 931 Possis
901 866 999 930 etiam
1018 868 1066 932 ita
1084 881 1228 934 11111111

189 949 277 1098 guen
289 972 349 1013 non
363 951 461 1014 marlto
481 961 589 1035 postea
609 949 747 1034 apertius
763 950 927 1034 publicula
941 962 997 1015 est.
1019 954 1229 1019 1111111111.

247 1056 279 1097 m
294 1035 433 1099 Baronio
447 1036 488 1099 ad
504 1057 555 1098 an.
570 1047 636 1110 173.
651 1033 813 1122 duplicem
830 1051 938 1100 ortum
954 1036 1228 1103 Montanisturum

150 1139 157 1165 ⁸
189 1116 264 1182 hinc
290 1121 487 1204 excogitanti
512 1141 546 1182 se
568 1141 590 1182 o
613 1119 705 1204 ponit
728 1119 954 1184 Tillemontius
979 1120 1082 1185 Mens.
1110 1120 1228 1187 Boules.

189 1215 271 1266 tom.
291 1202 325 1266 ii.
348 1219 417 1267 not.
438 1220 466 1268 1.
492 1203 533 1268 ad
601 1203 783 1281 antoninus,
806 1218 919 1268 monet
943 1204 990 1267 vir
1010 1205 1229 1285 doctissimus,

189 1308 316 1351 narrare
338 1290 526 1367 Eusebium,
542 1288 704 1374 scripsisse
720 1302 833 1351 contra
847 1290 1045 1352 Montanum
1059 1290 1229 1376 Apollina-

188 1393 257 1436 rem
279 1373 383 1457 primo
405 1386 480 1438 ortu
502 1372 584 1473 ejus,
602 1395 700 1458 quem
722 1372 819 1456 paulo
841 1387 917 1458 post
938 1386 1078 1459 tempus,
1099 1375 1228 1461 11111111

187 1469 266 1522 tunc
279 1457 398 1543 agebat
412 1459 582 1536 Eusebrus,
598 1457 774 1542 contigisse
792 1470 896 1543 putat.
932 1460 1103 1522 Verteoem
1117 1458 1228 1545 igitur,

188 1563 262 1629 quae
284 1564 346 1605 11111
371 1541 462 1630 longe
479 1554 588 1628 postea
608 1542 788 1630 excogitata
809 1552 867 1621 est,
890 1552 964 1606 tnnc
986 1542 1115 1628 quidem
1138 1544 1228 1631 quusi

185 1626 273 1691 nasci
287 1625 446 1713 incipiens.

230 1714 265 1775 P.
284 1728 349 1776 152.
365 1712 388 1776 l.
400 1727 431 1776 3.
455 1711 619 1794 γράμματα]
643 1709 792 1774 Valesius
815 1709 947 1797 quidem
1013 1724 1045 1775 st
1062 1710 1229 1793 Rufinum,

187 1797 311 1862 Hieron
334 1818 490 1882 mumque
510 1796 561 1858 De
588 1793 674 1859 Viris
699 1793 755 1859 Ill.
778 1816 817 1859 ca
841 1808 918 1860 .41.
940 1818 963 1860 u
985 1795 997 1858 i
1023 1817 1063 1860 ex
1086 1797 1228 1861 Eusebio

185 1878 257 1944 haec
278 1902 298 1944 1
320 1894 463 1956 1111111111,
489 1877 582 1942 vertit
607 1879 716 1943 literas
723 1905 737 1958 ,-
765 1901 799 1943 se
846 1879 979 1944 reddere
1007 1901 1042 1943 ae
1061 1880 1228 1945 1111111111

184 1964 227 2027 ad
242 1964 372 2028 Hieron.
389 1962 551 2028 Fabricius
563 1964 692 2048 scriptu,
706 1986 801 2049 quam
816 1964 935 2028 literas.
962 1963 1129 2050 Basnsgio
1143 1986 1227 2052 quo·

185 2070 250 2135 que
272 2047 392 2112 Ausul.
412 2047 683 2112 Politian-Eccles.
709 2063 790 2112 tom.
813 2048 846 2111 ii.
871 2069 905 2134 p.
925 2063 991 2111 151.
1017 2070 1083 2112 non
1108 2048 1228 2115 (111111-

183 2154 261 2219 pare
282 2132 353 2196 haec
370 2133 532 2217 γράμματα
549 2131 696 2197 videntur
715 2154 735 2195 a
754 2129 845 2196 libris
859 2144 972 2197 contra
988 2131 1159 2220 Cataphry

183 2239 241 2282 seu
256 2217 485 2294 Montanistas,
500 2238 639 2302 quorum
654 2216 803 2280 meminit
816 2216 987 2281 Eusebius.
1010 2223 1033 2257 “
1042 2217 1156 2282 Seous’
1181 2216 1225 2283 ait

183 2301 238 2365 ille
252 2301 324 2366 “de
344 2301 395 2365 his
414 2321 544 2388 quoque
564 2297 707 2385 epistolis
727 2312 1014 2365 commemorasset
1027 2300 1060 2364 in
1075 2301 1226 2388 catalogo

182 2393 206 2425 “
219 2407 353 2472 operum
372 2384 603 2472 Apollinaris.”
640 2388 739 2450 Porro
760 2385 805 2447 ita
827 2384 1015 2448 Gallandius
1038 2385 1224 2472 Prolegom.

183 2470 245 2534 vol.
262 2475 290 2534 I.
313 2469 463 2534 Bibliotlz.
484 2468 552 2534 ΡῬ.
600 2470 705 2534 .cxxi.
728 2468 889 2553 “Scripta
911 2469 973 2531 sive
996 2469 1092 2534 libros
1114 2492 1245 2535 vocem·

181 2561 204 2595 “
217 2556 379 2642 γράμματα
401 2556 515 2619 Latine
537 2491 669 2618 reddere
691 2554 852 2617 malumus
874 2574 950 2617 cum
971 2554 1122 2632 Baluzio,
1144 2556 1222 2619 Nou.

132 2720 135 2725 .
181 2647 203 2680 “
222 2640 337 2703 Concil.
363 2639 489 2702 Collect.
517 2661 550 2724 p.
575 2645 606 2701 6.
629 2650 662 2702 et
690 2638 846 2716 Fabricio,
872 2659 971 2722 quam
998 2637 1125 2703 litteras
1148 2660 1224 2703 cum

180 2731 204 2764 “
219 2727 335 2808 Lango
360 2724 401 2786 ad
427 2723 556 2806 Niceplr.
581 2723 621 2786 iv.
644 2734 694 2796 27.
721 2735 754 2785 et
778 2721 945 2787 Valesio.’'
982 2721 1111 2787 Literus
1136 2723 1226 2808 prius

180 2820 340 2871 verterant
356 2807 528 2882 Musculus
540 2820 573 2869 et
588 2806 902 2890 Christophorsonus
920 2806 1053 2869 Eusebii
1067 2807 1222 2892 interpre-

181 2903 241 2955 tes.
286 2892 338 2954 De
353 2891 423 2974 ipso
438 2904 546 2954 autem
559 2890 760 2973 Apollinaris
776 2903 809 2952 et
824 2889 978 2953 aliishaec
993 2905 1154 2975 praeterea
1169 2891 1224 2955 ba·

181 2976 237 3039 bet
251 2974 408 3038 Eusebius
423 2974 478 3037 lib.
492 2999 521 3036 V.
538 2975 625 3037 Hisl.
641 2995 670 3037 c.
685 2981 743 3038 16:
765 2974 838 3058 πρὸς
852 2975 904 3054 μὲν
917 2979 966 3050 τὴν
979 2974 1133 3058 λεγομένην
1148 2978 1223 3040 κατὰ

180 3059 298 3144 Φρύγας
312 3060 416 3144 αἵρεσιν
430 3058 512 3122 ὅπλον
526 3058 622 3144 'leupus
636 3060 684 3120 nal
698 3057 911 3141 ἇκαταγῶννςον
926 3059 968 3119 ἐπὶ
982 3064 1029 3133 τῆς
1043 3058 1223 3144 ‘inpendatur

180 3146 226 3207 riv
238 3143 460 3229 Ἀπολλινίιριον,
475 3143 505 3205 οὗ
520 3144 541 3228 a}
556 3142 670 3226 πράθεν
683 3143 788 3222 μνήμην
809 3147 821 3202 ὁ
842 3142 926 3222 λόγος
948 3142 1098 3220 πεποίητο,
1119 3141 1223 3216 ἄλλους

179 3254 210 3291 τε
229 3230 279 3291 σὺν
301 3231 376 3312 αὐτῷ
398 3227 507 3300 πλείους
528 3233 582 3289 τῶν
603 3226 728 3302 τηνικάδε
748 3224 853 3311 λογίων
868 3228 979 3310 ἀνδρῶν,
995 3233 1011 3302 ἡ
1025 3230 1073 3300 τῆς
1088 3227 1222 3304 ἀληθείας

180 3313 341 3397 ὑπέρμαχος
355 3311 432 3389 dulor
447 3311 568 3392 δύναμις.
590 3308 704 3395 1ξῶνῇ
719 3314 781 3390 ἡμῖν
796 3308 899 3393 ἶςορῖας
914 3310 1021 3386 crusis-n
1036 3334 1079 3383 τις
1093 3311 1223 3384 ὑπόθεσις

179 3397 394 3469 κατελέλειπῖω.
446 3396 532 3459 Dein
559 3415 633 3457 vero
655 3394 742 3478 ῥήσεις
765 3393 889 3478 aliquas
916 3394 999 3456 bene
1024 3393 1143 3479 longas
1170 3416 1222 3457 ex·

178 3480 296 3578 serpsit
319 3478 476 3542 Eusebius
501 3500 541 3542 ex
563 3499 660 3562 opere
686 3477 828 3562 quodam
856 3490 970 3540 contra
996 3475 1125 3561 Cataph
1166 3499 1222 3563 gas

177 3578 309 3648 scnpto,
321 3562 410 3647 quod
425 3562 627 3648 Apollinaris
642 3561 772 3646 quidem
795 3561 894 3644 aliqui
911 3560 1087 3624 attribuere
1103 3574 1220 3640 suern,

178 3648 237 3712 sed
259 3648 342 3710 male
362 3646 395 3709 id
416 3648 537 3709 lactum
559 3667 640 3723 1111,
658 3644 805 3709 Valesius
825 3644 946 3707 ibidem
968 3657 1091 3708 monet.
1138 3646 1220 3709 Hal·

177 3732 293 3796 loixius
332 3752 440 3816 uoque
453 3730 485 3793 in
504 3730 578 3792 Vita
593 3731 625 3794 S.
637 3727 829 3812 Apollinarii
844 3727 907 3790 hoc
922 3751 943 3791 o
966 3750 1004 3792 us
1018 3728 1060 3792 ab
1074 3730 1149 3828 ipso
1164 3730 1221 3794 ab·

171 3754 386 3903 judicandum
395 3826 570 3892 censuerat,
579 3813 639 3877 etsi
648 3813 830 3898 fragmenta
841 3811 910 3897 ejus
922 3749 964 3875 ad
1008 3811 1075 3876 suit
1086 3813 1220 3892 ibidem,

177 3923 251 3986 quae
262 3899 411 3986 equidem
426 3910 537 3985 postea
546 3896 587 3960 ad
601 3896 728 3960 initium
741 3895 851 3959 saeculi
866 3896 952 3959 tertii
976 3897 1080 3960 sotori
1096 3898 1219 3962 sistam.

177 3987 216 4050 In
231 3984 344 4049 eadem
360 4005 457 4068 porro
471 3980 630 4046 sententia
647 3995 697 4045 est
709 3979 910 4058 Gallandius,
924 3979 983 4044 ubi
1002 4001 1111 4065 supra.
1157 3981 1220 4046 Sed

176 4070 217 4134 ad
240 4091 321 4154 opus
344 4067 407 4129 hoc
430 4065 536 4128 nullus
558 4065 683 4142 dubito,
705 4064 783 4149 quin
805 4064 901 4128 verba
922 4064 1105 4148 pertineant
1126 4067 1219 4131 Auc-

175 4154 254 4219 toris
269 4149 386 4218 Lilelli
406 4148 560 4236 Synodici,
577 4170 595 4212 1
617 4151 725 4236 Pappc
747 4160 781 4212 et
800 4149 940 4213 Justello
962 4149 1105 4234 primum
1128 4149 1218 4229 editi,
