2716 4748
158 277 224 364 3⁶2
497 271 859 341 ANNOTATIONES

165 445 252 513 Viris
264 443 317 511 Ill.
331 464 402 531 cap.
411 444 489 512 xbii.
512 445 581 511 Ubi
594 446 641 512 ait
653 447 808 512 Ernestus
819 440 1020 535 cypr-ianua
1035 466 1080 511 an
1092 445 1199 513 Thoo-

160 532 269 622 phr'lus
287 531 433 619 epistolae
452 545 567 599 auctor
581 532 633 611 sit,
648 531 807 598 incertum
830 555 911 614 esse,
929 532 977 598 illi
996 544 1108 598 tamen
1129 555 1197 598 reo·

159 620 224 689 tius
240 639 336 706 quam
355 619 505 705 cuiquam
525 641 565 683 ex
584 618 665 697 aliis,
681 619 736 708 qui
756 619 883 707 synodo
903 619 1128 699 interfuerunt,
1141 620 1197 685 tri·

158 705 227 782 bui,
242 727 318 769 cum
335 704 539 770 Caesariensis
559 704 740 793 episcopus,
757 719 911 799 tanquam
934 705 1114 770 Palaestinae
1133 728 1199 771 me·

159 791 372 878 tropolitanus
394 790 474 856 alios
493 813 605 855 ornnes
625 793 657 856 in
681 792 857 867 Palaestina,
870 808 969 878 atque
989 792 1100 880 ipsum
1118 815 1197 879 quo·

159 899 224 966 que
239 877 476 965 Hierosolyma
490 877 677 964 episcopum
693 881 884 947 auctoritate
896 893 1075 965 superaret,
1088 892 1122 943 et
1135 878 1197 964 pri·

160 986 251 1030 mum
276 964 384 1029 locum
408 963 440 1028 in
470 963 603 1050 synodis
625 965 795 1030 obtineret.
849 967 947 1030 Porro
973 965 1061 1030 hunc
1090 964 1196 1028 Theo-

159 1048 283 1138 philum
307 1063 343 1114 et
362 1050 549 1114 Narcissum
580 1051 818 1138 Hierosolyma
842 1050 1030 1138 episcopum
1055 1049 1197 1137 aliosque

160 1135 333 1206 nonnullos
352 1135 398 1200 ait
413 1137 571 1200 Eusebius
585 1158 666 1216 esse,
682 1135 717 1199 ὦν
730 1163 766 1222 γε
779 1141 831 1218 μὴν
846 1137 987 1225 ἔγγραφος
1001 1145 1016 1215 ἡ
1030 1143 1080 1214 τῆς
1094 1137 1197 1212 calceos

159 1227 198 1297 εἰς
211 1227 435 1303 masaritias
450 1225 462 1285 ὂ
479 1222 602 1301 idagia,
616 1223 672 1310 qai
685 1234 780 1287 rectae
787 1222 870 1309 fidei
883 1223 1058 1288 doctrinam
1077 1222 1198 1308 scriptis

159 1307 224 1375 sais
242 1307 401 1394 proditam
415 1248 500 1372 nodis
514 1307 716 1396 reliquerant.
730 1330 809 1395 ¹cap.
824 1323 874 1373 22.
920 1309 1088 1374 Caeterum
1105 1309 1198 1373 habet

159 1392 238 1461 MS.
254 1393 396 1479 Norfolc.
410 1400 457 1469 τῆς
472 1395 499 1457 ii
513 1397 639 1471 ἔπιςολῆς
654 1397 684 1456 δι’
701 1402 785 1477 ἡμῶν.

204 1481 238 1544 Ρ.
253 1495 323 1559 359.
342 1480 406 1544 l.5.
437 1479 600 1566 ἐκκλησίαν]
626 1481 781 1564 araporxiav
805 1480 853 1546 ed.
877 1480 983 1567 Stept.
1028 1478 1200 1547 consentit

157 1587 236 1632 cum
254 1566 329 1631 lect.
351 1579 480 1651 recepta
502 1565 643 1652 Raflnm.
666 1569 836 1632 Srnorrr.
876 1566 1027 1645 ἐκκλησίαν
1046 1566 1200 1651 vaporatur

158 1650 332 1721 lectionem
350 1652 509 1738 duplicem
527 1650 625 1717 habet
641 1654 714 1718 God.
729 1653 796 1717 Nm
812 1651 869 1717 oic.

204 1738 289 1803 Ibid.
303 1737 327 1802 l.
341 1752 370 1802 8.
394 1739 442 1801 rai
461 1741 487 1801 ir
505 1739 715 1827 Ἀλεξανδρείᾳ]
730 1741 784 1804 Ha
827 1738 931 1804 tMS.
946 1737 1090 1824 Noffolc.
1109 1739 1160 1801 καὶ
1178 1743 1200 1801 oi

158 1825 266 1891 ἒνἈλ.
279 1823 366 1911 quod
384 1837 491 1909 potest
504 1845 573 1888 esse
586 1847 694 1889 verum
708 1849 718 1904 3
739 1825 772 1889 id
786 1838 895 1890 tamen
909 1847 948 1888 ex
962 1825 1059 1889 unius
1074 1837 1200 1888 tantum

157 1909 280 1975 codicis
294 1910 484 1974 auctoritate
499 1910 561 1974 reci
586 1932 638 1974 ere
651 1911 812 1976 nolebam.
857 1913 973 1997 Neque
994 1911 1118 1975 interea
1138 1909 1201 1975 Ru·

148 1993 240 2082 finus
254 1994 342 2060 istud
357 1995 511 2059 invenisse
527 1932 662 2073 videtur,
677 1997 733 2085 qui
748 1997 851 2076 vertit,
867 1996 1081 2085 Designamas
1101 1995 1202 2084 igitar

159 2079 243 2147 orodis
266 2080 342 2169 qaia
366 2081 450 2166 apud
471 2081 700 2147 Alexandriam
725 2084 841 2164 eadem,
868 2105 931 2170 qua
953 2083 1040 2169 apud
1061 2105 1116 2147 aas
1144 2082 1202 2163 die,

155 2165 284 2322 pasesdqa
298 2165 479 2315 ploiernaitm
491 2168 625 2256 geritur.
654 2169 759 2234 Abest
772 2168 928 2256 particula
941 2169 963 2255 ri,
978 2191 998 2232 a
1011 2169 1091 2235 MS.
1107 2168 1202 2234 Bodi.

158 2274 216 2324 osu
278 2274 331 2318 ur.

203 2339 286 2404 ibid.
303 2339 324 2402 l.
336 2357 367 2418 9.
388 2344 460 2424 παρ’
479 2347 553 2422 ἡμῶν
571 2344 629 2425 γὰρ
649 2343 687 2403 roi
706 2341 881 2428 γράμματα]
900 2343 971 2427 παρ’
987 2347 1064 2422 ἡμῶν
1078 2343 1106 2404 δὲ
1120 2368 1152 2405 r.
1169 2366 1202 2426 γ.

160 2424 214 2490 sic
236 2448 275 2489 ex
297 2426 409 2490 codice
433 2428 537 2512 Regio
560 2426 660 2490 edidit
683 2428 765 2490 Rob.
788 2427 980 2512 Stephanus.
1027 2429 1068 2490 ln
1089 2428 1204 2492 codice

159 2512 323 2579 Medicaeo
346 2513 464 2597 legitur
485 2515 557 2596 παρ’
575 2520 648 2595 ἡμῶν
668 2540 699 2574 τε
718 2516 756 2575 roi
775 2513 947 2597 γράμματα.
993 2514 1203 2600 Nicephorus

160 2620 234 2662 vero
249 2599 281 2661 in
296 2598 401 2684 capite
415 2606 464 2662 36.
479 2598 552 2662 libri
567 2599 671 2684 quarti
691 2599 789 2661 habet
803 2602 875 2686 παρ’
890 2606 965 2679 ἡμῶν
979 2603 1021 2682 γά
1052 2605 1090 2663 τὰ
1106 2600 1203 2685 γράμ-

159 2709 252 2764 ματα,
268 2699 363 2770 atque
386 2685 429 2747 ita
450 2684 552 2747 codex
574 2684 770 2761 Mazarinus‚
786 2685 869 2748 Fuk.
890 2698 923 2748 et
943 2626 1037 2748 Savii.
1077 2686 1202 2750 intelli-

159 2784 283 2854 guntur
304 2783 412 2833 autem
435 2771 487 2834 hic
510 2769 610 2834 literae
633 2769 809 2854 paschales,
826 2793 904 2856 quas
926 2777 1090 2856 ἑορταςικὰς
1105 2794 1200 2837 voca-

161 2855 249 2919 bant.
294 2855 446 2919 Ceterum
471 2856 567 2942 hujus
589 2856 712 2941 Synodi
730 2857 936 2920 Caesariensis
957 2869 1028 2919 acta
1049 2858 1200 2945 quaedam

160 2952 287 3005 exstant
301 2942 386 3026 apud
408 2942 528 3004 Bedam
550 2943 583 3004 in
603 2943 686 3005 libro
702 2942 741 3005 dc
756 2943 873 3007 vernali
887 2942 1106 3028 aequinoctio:
1130 2968 1200 3031 quae

160 3025 235 3090 licet
256 3049 275 3089 a
296 3026 456 3090 nonnullis
471 3027 640 3112 illegitima
655 3028 831 3092 habeantur
846 3051 881 3092 ac
898 3028 1015 3114 spuria,
1030 3029 1200 3117 haudqua-

161 3134 259 3200 quam
283 3113 458 3198 spernenda
480 3113 559 3175 mihi
582 3114 737 3178 videntur.
781 3115 935 3179 Baronius
962 3129 1049 3178 certe
1077 3138 1116 3181 ea
1142 3139 1199 3204 pro

159 3198 239 3262 reris
255 3199 420 3283 amplexus
435 3212 493 3263 est.
514 3201 722 3264 Vanusrus.
757 3202 889 3264 Praestat
902 3205 959 3286 γὰρ
978 3201 1051 3265 Cod.
1070 3224 1199 3289 quoque

161 3284 302 3370 Norsola
318 3283 507 3371 Rafiaasqae
531 3287 633 3364 vertit,
657 3286 733 3372 quia
756 3297 785 3349 et
810 3286 945 3372 ipsorum
964 3287 1050 3351 nodis
1071 3288 1197 3352 litterar.

159 3369 245 3434 Acta
266 3383 373 3433 autem
396 3371 558 3434 aValesio
581 3372 633 3434 hic
658 3387 923 3450 commemorata,
939 3395 1022 3458 quan
1048 3397 1124 3438 uam
1145 3397 1199 3438 an·

160 3454 316 3541 tiquitatis
341 3456 471 3542 aliquid,
495 3458 615 3520 fatente
637 3459 799 3543 Basnagio
820 3459 852 3521 in
869 3397 1197 3537 Anaai.adan.190.

158 3562 226 3627 prae
238 3565 272 3604 se
285 3543 403 3618 ferunt,
414 3543 684 3626 praetermittenda
696 3545 816 3623 censui,
827 3568 929 3631 quum
944 3567 1009 3608 non
1025 3546 1093 3608 sine
1105 3568 1199 3610 causa

161 3641 310 3712 suspecta
324 3627 388 3691 sint
403 3629 512 3693 multis
528 3629 601 3692 viris
613 3629 727 3709 doctis,
742 3643 808 3694 tam
823 3653 860 3694 ex
876 3630 948 3707 illis,
959 3633 1013 3715 qui
1028 3654 1047 3695 a
1063 3631 1197 3695 Romani

160 3713 321 3798 pontificis
347 3727 431 3776 stant
457 3715 612 3799 partibus,
640 3738 736 3801 quam
764 3739 803 3780 ex
830 3718 1092 3781 Protestantibus.
1139 3717 1198 3781 Sed

161 3821 225 3863 non
241 3812 365 3863 tantum
384 3802 479 3863 verba
494 3802 650 3886 epistolae,
665 3817 737 3887 quae
759 3803 800 3864 ab
821 3803 962 3866 Eusebio
977 3817 1100 3866 servata
1116 3816 1198 3882 sunt,

160 3884 295 3950 inseruit
309 3886 497 3950 Gallandius
512 3902 602 3951 torno
617 3887 651 3951 ii.
669 3887 872 3952 Bibliotheca>
885 3911 951 3952 suae
966 3891 1034 3952 ΡΡ.
1051 3911 1128 3953 cum
1144 3889 1198 3953 ad·

139 4050 140 4053 ¹
159 3971 325 4036 notatione
342 3972 472 4051 Valesii‚
486 3995 594 4036 verum
612 3974 708 4037 etiam
724 3988 797 4038 acta
815 3976 933 4060 posuit,
949 3973 988 4037 de
1010 3976 1129 4061 quibus
1151 3977 1199 4040 lo·

161 4059 300 4144 quimur,
319 4059 492 4144 Theophili
514 4060 643 4122 nomine
664 4061 824 4146 inscripta,
840 4061 872 4124 in
892 4061 1076 4147 Prolegom.
1097 4060 1208 4148 ejusd.

161 4144 242 4209 tomi
255 4145 297 4209 ad
309 4166 386 4231 pag.
399 4167 449 4210 xx.
494 4147 569 4209 Hoc
590 4168 688 4234 porro
709 4146 886 4213 notandum
904 4160 964 4227 est,
979 4147 1141 4233 pertinere
1160 4146 1220 4211 ad
