2716 4748
2 384 6 393 ,
131 326 183 376 xx
499 300 813 377 PRAEFATw.
940 306 945 313 ·

134 486 225 574 nois,
244 484 397 558 inveniri
422 487 576 584 possint,
594 513 691 587 saepe
709 487 773 560 ilia
796 512 865 586 ego
887 500 1071 587 exoerpts,
1096 514 1184 586 quaa

137 607 190 680 sie
206 607 367 680 indicata
378 609 528 701 fuerint,
540 625 665 683 extare
681 623 766 709 post
781 610 895 684 didici
913 611 952 684 in
969 612 1080 685 editis
1096 613 1185 686 Fro-

136 731 272 828 rilegiis
289 732 525 830 Catonisque.
577 735 660 807 Nee
680 760 790 832 porro
811 734 851 807 in
874 734 1186 810 bibliothecarum

136 852 405 928 Oxoniensium
432 856 620 953 codicibus
646 858 804 956 scriptia,
829 883 922 954 quos
948 860 1072 931 labore
1095 858 1187 932 assi⁴

136 974 223 1066 duo,
237 976 299 1049 sed
313 978 488 1051 mediocri
506 1005 592 1054 cum
604 980 739 1070 fructu,
751 981 792 1053 in
809 982 881 1053 bac
897 981 1047 1078 quidem
1066 993 1185 1080 parte,
1201 1036 1206 1041 -

137 1112 319 1173 scrutatus
344 1125 439 1191 sum,
470 1103 588 1175 multa
615 1101 660 1175 ad
692 1129 770 1176 rem
799 1129 922 1176 meam
947 1103 1187 1201 pertinentia,

137 1244 223 1317 quae
250 1221 392 1296 inedita
420 1235 553 1313 essent,
585 1224 730 1320 assequi
760 1223 854 1296 mihi
884 1223 1052 1321 contigit.
1114 1224 1189 1297 Fa·

137 1342 199 1415 oili
216 1340 368 1439 quidem
384 1371 496 1444 opera
513 1345 594 1443 quis
609 1346 766 1418 valuerit
783 1346 893 1442 plena
915 1370 1030 1418 manu
1049 1370 1188 1443 conge,

138 1490 216 1538 rere
235 1480 407 1566 excerpta
430 1481 622 1542 auctorum
650 1469 991 1558 ecclesiasticorum,
1017 1492 1104 1566 quae
1127 1483 1188 1545 est

136 1591 303 1688 ipsorum
325 1593 442 1690 copia,
462 1604 547 1690 post
570 1592 722 1666 tertium
749 1592 927 1665 saeculum
948 1593 1186 1679 florentinius

136 1713 214 1786 imo
241 1715 354 1787 etiam
380 1715 478 1787 tertii
506 1715 633 1787 saeeuii
659 1727 780 1812 patrea
810 1714 1005 1812 separatim
1032 1715 1188 1811 quidem

136 1835 285 1934 prodire
306 1836 404 1910 soliti
425 1837 586 1911 multum
608 1836 696 1910 inde
719 1837 843 1936 augeri
866 1849 1029 1936 possent.
1080 1837 1190 1912 Facit

116 1971 262 2063 ‘autem
296 1963 461 2059 paucitas
495 1962 673 2051 locorum,
703 1960 766 2057 qni
802 1960 943 2032 mutilis
973 1960 1188 2034 auctoribus

136 2083 230 2158 meis
242 2085 298 2157 vel
317 2084 357 2157 in
374 2085 557 2159 veteribus
574 2084 828 2157 atuibnuntur
839 2083 1001 2172 Catenis,
1015 2083 1073 2155 vei
1090 2109 1114 2155 a
1130 2083 1189 2156 di-

135 2233 322 2282 versarum
340 2218 494 2281 aetatum
512 2207 751 2308 scriptoribus
769 2233 818 2280 ex
839 2206 912 2279 illis
934 2206 1187 2304 proferuntur,

136 2345 180 2406 ut
191 2334 364 2431 suspicer,
375 2346 460 2406 ante
473 2333 590 2406 multa
601 2331 735 2405 saecula
747 2332 921 2430 pleraque
934 2356 1060 2404 eorum
1075 2354 1188 2428 opera

136 2467 287 2556 propter
302 2456 418 2529 varias
434 2480 561 2528 causas
578 2455 727 2554 penitus
747 2453 989 2543 intemidisse,
1006 2465 1072 2526 aut
1086 2466 1187 2527 oerte

135 2582 184 2655 ad
200 2606 317 2681 pauca
333 2579 535 2652 admodum
554 2580 777 2677 exemplaria
793 2578 906 2652 fuisse
922 2580 1080 2652 redacta.
1113 2579 1188 2653 Ve-

59 2788 65 2800 Ι
136 2728 221 2774 rum
244 2701 378 2790 hercle,
395 2711 439 2772 ut
464 2699 584 2772 dicam
612 2701 711 2796 quod
737 2726 795 2772 res
820 2714 888 2791 est,
915 2702 1027 2774 nimis
1052 2702 1186 2775 incerti

136 2822 280 2924 generis
303 2848 572 2919 nonnunquam
591 2822 796 2920 fragmenta
813 2837 912 2914 sunt,
930 2850 1014 2922 quae
1031 2824 1071 2898 in
1089 2837 1188 2898 caw-

137 2947 196 3022 nis
220 2957 331 3044 atque
352 2943 533 3042 ejusmodi
553 2944 659 3018 libris
675 2946 795 3044 posita
810 2947 995 3037 videntur,
1012 2972 1126 3042 quam
1143 2960 1187 3021 ut

73 3104 79 3107 -
136 3080 327 3148 auctorum
341 3096 486 3171 semper
497 3096 588 3160 esse,
601 3096 758 3168 quornm
773 3072 941 3145 feruntur
958 3072 1186 3162 nominibus,

136 3198 237 3272 credi
261 3197 432 3271 debeant.
484 3197 589 3288 Esse,
614 3224 683 3270 cnr
706 3197 798 3270 iilud
824 3198 1094 3271 dubitationem
1120 3198 1188 3271 ali·

138 3348 249 3420 quam
268 3323 453 3396 interdum
471 3323 614 3414 habeat,
633 3324 762 3396 harum
783 3348 905 3397 rorum
921 3322 1031 3423 periti
1049 3322 1186 3412 sciunt,

137 3474 224 3522 eum
247 3461 396 3547 propter
419 3448 506 3521 alias
526 3474 663 3537 causas,
686 3460 765 3519 tum
791 3446 879 3543 quia
900 3451 995 3540 ῥήσεις
1015 3445 1097 3517 iatae
1117 3445 1187 3517 ad·

137 3574 217 3647 dito
232 3572 497 3675 soioauctoris,
511 3599 586 3646 non
603 3573 693 3644 item
708 3571 842 3670 operis,
855 3570 1006 3642 nomine
1023 3569 1186 3642 maxime

137 3706 335 3796 ponantur,
351 3694 452 3767 unde
472 3695 554 3768 fieri
579 3694 707 3794 possit,
723 3707 767 3767 ut
789 3722 812 3766 e
838 3695 932 3767 libro
956 3695 1186 3786 deoimypa‘pq

136 3819 309 3922 primitus
332 3816 434 3892 ducti
454 3818 603 3893 fuerint.
655 3818 787 3915 Itaque
804 3844 881 3891 rem
899 3817 1074 3890 cecidisse
1089 3840 1186 3887 non-

137 3964 330 4043 'nunquam
361 3941 599 4042 deprehendi.
649 3942 723 4015 Sed
753 3966 972 4039 quacunque
998 3941 1047 4013 de
1074 3964 1186 4014 causa

137 4074 272 4149 falsum
291 4096 429 4149 nomen
448 4069 665 4169 irrepsisset,
684 4065 782 4163 quod
800 4066 919 4140 aliena
935 4067 1006 4138 sub
1023 4066 1184 4164 giorioao

138 4200 248 4274 'titulo
280 4197 432 4274 latentia
466 4194 634 4293 detegere
665 4190 882 4292 potuissem,
917 4191 1081 4282 laetabar,
1113 4210 1184 4264 rree
