2716 4748
482 588 1077 693 ANNOTATIONES

393 823 454 904 ur
482 824 782 911 mannonis
811 765 1164 911 FRAGMENTA.

646 1098 908 1140 *-

309 1306 342 1369 P.
358 1320 424 1384 109·
438 1305 460 1371 l.
473 1317 503 1392 7.
523 1310 564 1370 ’Et
576 1311 621 1388 pit
634 1308 673 1371 odi
687 1317 741 1379 τοῖς
753 1308 811 1390 tergi
826 1316 861 1373 ἐὖ
875 1311 976 1387 πάσχι
988 1302 1062 1391 gith]
1078 1306 1160 1375 ΗΒΘ
1178 1302 1293 1376 Scribit

264 1391 421 1456 Eusebius
429 1406 503 1478 post
511 1406 695 1477 enumerata
703 1413 886 1477 opera,quae
896 1392 1140 1461 Melitonisesse
1148 1405 1293 1470 noverat,

263 1490 296 1540 et
308 1490 478 1564 postquam
490 1491 643 1542 narrasset
651 1500 725 1542 eum
737 1476 903 1540 Antonino
913 1477 1106 1563 imperatori,
1119 1477 1182 1541 sive
1197 1479 1290 1542 Mar-

264 1584 304 1627 co
319 1562 452 1638 Aurelio
466 1563 644 1642 Antonino,
658 1561 811 1627 obtulisse
828 1561 1017 1626 Christianae
1037 1561 1111 1626 fidei
1129 1560 1290 1626 defensio-

200 1721 203 1725 ·
264 1669 347 1711 nem.
387 1649 542 1734 Reposuit
555 1649 673 1712 interea
686 1647 848 1712 Strothius
862 1669 902 1711 ex
916 1647 954 1711 R.
970 1645 1117 1732 Stephani
1131 1646 1207 1710 edit.
1223 1647 1290 1712 Ra-

252 1731 379 1818 finiqne
398 1733 537 1797 Versione
550 1738 588 1818 τῷ
602 1755 660 1819 pro
674 1737 738 1807 τοῖς.
770 1733 800 1794 Is
815 1746 922 1796 tamen
937 1732 1097 1818 scripsisse
1111 1733 1289 1798 Eusebium

263 1830 357 1963 putat
372 1822 412 1901 τῷ
433 1818 472 1896 α’,
489 1841 508 1880 a
525 1841 589 1902 quo
604 1840 698 1904 supra
714 1817 954 1881 commemorati
974 1817 1098 1882 fuerant
1116 1817 1155 1881 de
1171 1817 1291 1901 poscito

278 1901 337 1964 ibri
353 1902 422 1965 dno.
468 1902 554 1966 Cum
569 1925 642 1967 vero
655 1902 824 1967 Valesiana
838 1903 1042 1984 confirmetur
1060 1902 1157 1967 lectio
1172 1923 1191 1965 a
1206 1904 1289 1968 duo·

262 1987 324 2049 bus
346 1988 469 2072 scriptis
485 1987 576 2051 Bodl.
598 2000 627 2052 et
648 1987 784 2072 Norsolc.
806 2001 849 2065 et,
866 1987 926 2051 nisi
947 1987 1050 2068 fallor,
1069 2011 1088 2052 a
1104 1988 1290 2072 Nicepnera,

263 2072 458 2136 retinendam
480 2073 579 2158 igitur
600 2073 732 2136 eandem
758 2074 877 2136 censui.
920 2072 1067 2136 Adlitum
1090 2095 1220 2159 quoque
1242 2087 1290 2140 est

263 2159 317 2232 τοῖς
332 2179 390 2256 pro
411 2164 450 2242 τῷ
470 2159 605 2244 margini
619 2158 806 2244 exemplaris
822 2157 1044 2244 Stephanianae
1058 2157 1135 2222 edit.
1152 2160 1243 2246 quod
1256 2159 1289 2224 in

262 2241 457 2306 bibliotheca
470 2244 565 2307 Bodl.
581 2245 772 2308 adservatur.

306 2329 388 2392 Ibid.
402 2327 423 2391 l.
437 2347 466 2406 9.
489 2328 632 2416 Σάγαςις]
649 2329 789 2414 Σάγίαρις
809 2327 988 2414 appellatur
1008 2350 1027 2391 a
1048 2328 1234 2412 Nicephorm
1257 2345 1289 2396 et

262 2413 433 2498 proconsul
455 2413 630 2500 Σερουίλλος,
652 2414 788 2477 eundem
811 2437 883 2478 vero
907 2415 1037 2477 Rufinus
1064 2413 1208 2500 Sergiam
1230 2439 1308 2501 noy

262 2499 373 2564 minat.
405 2501 572 2563 Sruorer.
616 2501 761 2564 Valesius
784 2512 890 2562 autem
913 2499 953 2562 ad
972 2499 1068 2562 alium
1090 2501 1223 2565 Eusebii
1238 2503 1287 2565 lo-

174 2592 176 2599 ’
262 2607 348 2662 cum,
364 2584 466 2668 capite
478 2597 526 2645 24.
542 2585 596 2647 lib.
609 2609 636 2646 v.
653 2587 721 2647 haec
735 2584 775 2646 de
787 2585 897 2668 Sagari
913 2586 1081 2648 annotavit.
1104 2591 1125 2622 “
1138 2587 1177 2650 In
1192 2587 1288 2651 veteri

262 2676 283 2706 “
300 2681 382 2733 mart
405 2669 530 2752 rologio
544 2669 630 2753 quod
644 2669 743 2732 edidit
755 2670 940 2755 Rosveydus
956 2670 1068 2754 quinto
1077 2669 1128 2732 die
1137 2671 1287 2736 Octobris

261 2760 284 2791 “
299 2753 369 2816 haec
383 2691 557 2815 labentur:
574 2754 738 2816 Eumenice
753 2755 896 2818 Thraseae
911 2754 1066 2838 Episcopi,
1081 2756 1165 2838 opud
1178 2756 1287 2843 Smyr·

264 2844 287 2877 “
300 2860 372 2901 num
388 2837 533 2915 coronati,
549 2838 603 2923 qni
618 2860 695 2901 nnrrs
703 2838 777 2923 snit
797 2863 835 2903 en
855 2838 1013 2936 antiquis:
1037 2840 1100 2903 Die
1113 2853 1223 2905 autem
1240 2864 1288 2906 se-

262 2931 284 2962 “
301 2936 417 3008 quente
440 2920 509 2984 haec
531 2936 698 2987 notantur:
723 2923 852 3010 Sagaris
867 2924 1013 3008 Episcopi
1028 2923 1237 3005 Laodicensis,
1251 2927 1287 2990 de

262 3015 284 3046 “
300 3006 438 3093 antiquis
450 3007 545 3070 Pauli
556 3009 697 3092 Apostoli
712 3008 901 3092 discipulis.’'
926 3009 1108 3095 Contigisse
1123 3009 1187 3074 hoc
1201 3034 1285 3076 mar-

263 3094 382 3179 tyrium
393 3092 516 3156 videtur
530 3094 635 3156 Marci
648 3093 771 3158 Aurelii
786 3095 994 3179 temporibus,
1003 3095 1117 3192 quibus
1129 3108 1163 3159 et
1173 3118 1286 3182 passus

262 3192 311 3242 est
329 3181 446 3243 Beatus
469 3178 671 3264 polycarpus,
687 3178 822 3265 apostoli
837 3180 967 3243 Joannis
987 3179 1171 3265 discipulus,
1192 3181 1285 3268 cujus

261 3263 412 3327 benevola
423 3276 518 3348 atque
529 3263 631 3326 amica
641 3264 793 3328 dissentio
805 3264 846 3326 ab
856 3264 993 3327 Aniceto
1005 3266 1155 3350 episcopo
1167 3267 1285 3330 Roma-

262 3372 305 3412 no
327 3349 360 3411 in
382 3369 416 3411 re
435 3347 606 3433 paschatis,
621 3349 661 3412 de
682 3371 745 3435 qua
765 3349 932 3412 Melitonis
947 3372 1027 3435 opus
1042 3350 1120 3434 egit,
1136 3351 1286 3416 omnibus

262 3446 340 3497 nota
358 3447 416 3497 est.
459 3433 541 3520 Quis
562 3454 633 3496 vero
655 3434 773 3513 credat,
796 3433 989 3519 discipulum
1011 3434 1155 3519 Sagarim
1177 3436 1286 3501 Sancti

262 3518 351 3583 Pauli
371 3518 479 3596 fuisse,
495 3517 550 3604 qui
571 3519 631 3581 sub
650 3521 779 3583 Nerone
801 3519 925 3583 circiter
943 3532 1071 3583 centum
1092 3531 1166 3583 ante
1185 3542 1286 3586 annos

260 3625 371 3690 passus
385 3605 473 3669 erat?

304 3689 388 3755 Ibid.
411 3689 433 3753 l.
459 3703 505 3752 10.
527 3686 632 3772 ἐγένετο
660 3687 781 3772 ζήτησις]
808 3688 913 3774 ἐγένετο
938 3691 965 3751 δὲ
993 3693 1018 3771 ζ.
1043 3689 1119 3752 MS.
1142 3689 1285 3777 Ntiifhlc.

262 3776 338 3839 Post
352 3788 457 3841 autern
474 3772 639 3837 Melitonis
654 3772 747 3836 verba
762 3775 808 3836 nal
823 3775 927 3859 ἐγράφη
942 3781 1044 3852 ταῦτα,
1056 3775 1215 3840 Eusebius
1231 3776 1286 3842 ad·

260 3859 363 3935 didit:
384 3859 479 3933 triton
494 3860 520 3923 δὲ
534 3864 570 3919 τῦ
584 3857 658 3940 Adys
673 3855 805 3939 pipinum
819 3861 935 3941 Κλήμης
951 3865 964 3921 ὁ
981 3860 1173 3946 Ἀλεξανδρεὺς
1186 3863 1214 3924 ἓν
1229 3863 1285 3949 ἰδίῳ

258 3947 326 4032 περὶ
341 3952 388 4010 τοῦ
401 3943 495 4027 maipa
507 3941 597 4028 pipp,
612 3940 641 4004 ir
659 3945 689 4020 ἐξ
707 3943 797 4019 αἰτίας
812 3951 859 4020 τῆς
875 3951 923 4007 τοῦ
937 3943 1095 4019 Μελίτωνος
1109 3950 1217 4031 γραφῆς
1231 3965 1284 4029 φη-

259 4058 303 4094 σιν
329 4032 421 4096 ἑαυτὸν
445 4028 586 4106 samaiim.
626 4027 730 4112 Hujus
762 4040 865 4092 cutem
894 4027 966 4092 libri
993 4029 1176 4094 mentionem
1193 4031 1285 4116 facit

262 4115 399 4180 Clemens
407 4112 638 4197 Alexandrinis
648 4111 680 4176 in
692 4128 778 4198 opere
790 4136 841 4178 suo
854 4114 891 4178 de
899 4114 1030 4181 Pascha.
1056 4115 1145 4203 Quod
1159 4116 1285 4203 quidem

75 4252 148 4384 ,
