2716 4748
277 296 345 377 sn
607 273 977 346 ‘auuorsuorrss
1020 308 1077 317 -

280 449 340 515 tim
355 471 394 514 ex
409 446 585 515 dictionum
603 448 857 536 transpositione,
870 451 986 538 partim
1002 449 1099 517 etiam
1116 472 1158 519 ex
1171 472 1320 525 eommu-

281 535 402 601 tstione
414 559 424 614 3
447 557 513 622 quo
535 536 702 621 supposito
724 558 787 600 non
810 548 937 603 tantum
960 537 1088 643 διαδοχὴν
1113 538 1147 603 in
1172 538 1317 626 διατριβὴν,

280 621 408 687 nemine
423 636 595 708 praeeunte,
608 622 785 700 convertit3
808 623 911 687 sedet
925 645 983 724 pro
997 651 1098 711 μεχρις
1111 620 1257 703 Ἀ’νικήτοο
1268 625 1315 691 le-

279 708 332 794 git
352 712 439 796 nepai
457 707 602 793 ’Δνικήτῳ,
618 708 706 795 quod
725 707 822 793 paulo
842 708 973 773 inferrus
991 725 1080 774 extra
1096 709 1210 775 locum
1225 733 1313 777 suum

278 815 321 865 ex
340 794 428 871 vitio,
442 792 490 857 vel
505 793 720 872 librariorum,
736 793 784 858 vel
801 795 1078 881 typographorum
1102 796 1246 883 positum
1265 797 1311 871 su·

280 879 342 946 isse
362 891 467 965 putat.
510 881 553 943 Et
569 902 676 943 rursus
690 901 749 965 pro
765 877 810 959 uu)
822 885 908 943 οταοοὶ
921 881 1064 958 ’Austrinos
1079 881 1240 967 διαδέχεται
1252 880 1311 948 Σο·

280 970 342 1053 rip,
356 965 471 1031 extrita
485 964 640 1050 particula
654 963 711 1042 uui,
726 944 892 1030 substituit
903 966 991 1065 μέχρι
1006 965 1149 1044 Ἀνίκητον
1163 966 1311 1055 διαδὲχιτον
1338 1017 1342 1027 .

280 1052 392 1151 Σωτὴρ,
408 1052 518 1137 sicque
538 1050 775 1136 interpretatur,
792 1050 884 1115 donec
898 1053 1027 1117 Ansceto
1049 1052 1195 1117 successit
1210 1052 1311 1133 Seter3

188 1183 192 1191 -
280 1159 372 1223 quast
384 1136 472 1223 μέχρι
486 1135 627 1214 'Avienus
645 1134 717 1199 διαδέ
743 1161 801 1216 ενοι
815 1139 896 1202 bene
910 1140 1026 1203 Graeca
1040 1150 1160 1218 essent,
1174 1152 1310 1205 anteum

280 1245 413 1288 sensum
429 1222 619 1301 funderent3
642 1223 697 1309 qui
714 1163 857 1308 denique
873 1223 944 1289 haec
958 1247 978 1287 a
991 1224 1097 1310 seipso
1154 1226 1251 1291 ssime
1262 1246 1310 1291 ex·
1324 1238 1327 1243 '

280 1309 424 1395 cogitata
445 1331 505 1395 pro
526 1309 602 1394 ipsis
624 1308 805 1396 Hegesippi
827 1311 930 1375 verbis
951 1308 1062 1388 edidit,
1076 1246 1160 1375 adiri]
1185 1332 1228 1375 ue
1247 1331 1311 1377 sen-

280 1395 412 1460 tentiam
430 1417 519 1459 suam
535 1417 555 1459 a
568 1415 602 1457 se
615 1394 785 1458 confictam
800 1417 860 1482 pro
875 1394 1119 1482 Hegesippiana
1130 1395 1173 1461 de
1197 1395 1236 1462 it.

323 1482 397 1567 Ego
412 1496 549 1545 veterem
570 1480 742 1544 lectionem
764 1481 797 1544 in
819 1481 883 1544 hoc
903 1480 1084 1568 Hegesippi
1097 1482 1174 1546 loco
1190 1480 1312 1549 minime

280 1566 514 1645 solicitandam‚
530 1567 586 1631 sed
606 1565 738 1630 omnino
755 1566 953 1631 retinendam
967 1581 1069 1652 put03
1092 1566 1188 1666 cujus
1199 1589 1243 1635 ex
1255 1567 1313 1633 loci

279 1653 399 1740 integri
412 1653 609 1738 inspectione
623 1652 703 1716 ratio
718 1652 826 1716 statim
841 1652 1012 1717 constabit.
1056 1654 1110 1717 Sic
1129 1652 1232 1739 igitur
1251 1654 1314 1719 He·

279 1740 445 1831 gesippuS,
459 1738 602 1819 Γενόμενος
617 1740 643 1800 δὲ
658 1742 684 1801 ἐν
698 1736 789 1824 Ῥώμῃ
803 1739 932 1824 διαδοχὴν
945 1738 1112 1821 ἐποιησάμην
1125 1740 1227 1825 μέχρις
1238 1741 1312 1804 ‘Ast-

280 1826 376 1903 κήτοο,
390 1824 419 1888 οὗ
440 1824 559 1897 διάκονος
580 1822 609 1900 ἦν
629 1824 804 1910 Ἐλεύθερος,
824 1823 870 1903 κα)
890 1827 977 1911 σοφοὶ
996 1825 1141 1903 ’Asturiam
1164 1824 1315 1912 &sedixerat

279 1910 393 1997 Σωτὴρ,
409 1912 472 1991 μεθ’
487 1907 515 1972 δν
526 1908 699 1994 Ἐλεύθερος·
723 1913 749 1971 ἐν
763 1909 847 1996 ἑκᾶςῃ
868 1911 895 1991 δὲ
915 1911 1040 1996 διαδοχῇ,
1055 1911 1077 1996 ‘l
1093 1913 1119 1974 ἐν
1133 1910 1221 1997 incisu
1235 1910 1313 1977 πόλιν

280 1993 364 2070 οὕτως
386 1994 456 2080 ἔχει,
478 1996 514 2069 ὡς
537 1998 550 2057 ὁ
571 1994 649 2076 νόμος
670 1994 798 2082 suspiria,
815 1995 862 2057 uni
885 2002 909 2058 oi
929 1996 1081 2083 ποοφῆτοο,
1102 1997 1150 2060 aet
1174 2001 1188 2059 d
1207 1996 1313 2082 Κύριος.

280 2080 389 2146 Romae
413 2103 480 2144 uero
507 2101 575 2147 cum
600 2102 704 2159 essem,
729 2080 944 2145 successionem
972 2081 1125 2166 composui
1152 2103 1250 2169 usque
1275 2081 1315 2165 ud

278 2165 458 2247 Anicetum,
473 2166 559 2251 cujus
574 2165 733 2230 Diaconus
752 2178 820 2230 erut
841 2165 1041 2247 Eleutheros,
1056 2177 1086 2231 et
1102 2166 1234 2233 Aniceto
1248 2188 1312 2235 sru-

280 2252 369 2331 cessit
386 2252 486 2331 Soter‚
498 2262 567 2338 post
584 2274 674 2339 quem
689 2250 900 2317 Eleutheros:
924 2254 963 2316 In
981 2251 1063 2318 omni
1081 2263 1190 2319 autem
1202 2275 1313 2323 succes·

280 2338 373 2418 sione,
387 2349 418 2402 et
433 2338 467 2403 in
482 2337 563 2403 oanni
578 2337 703 2401 ciuitate
714 2360 765 2407 res
784 2338 831 2402 itu
853 2360 884 2402 se
903 2336 1003 2417 halet,
1018 2349 1053 2402 ut
1076 2337 1128 2403 les:
1147 2340 1311 2424 praedicat,

279 2436 310 2490 et
322 2424 494 2510 prophetae,
509 2436 540 2488 et
555 2424 718 2488 Dumimss.
763 2424 849 2488 Mihi
868 2423 937 2504 haec
958 2424 1134 2488 clarissima
1148 2426 1311 2492 videntur:

279 2511 486 2598 Hegesippus
509 2511 643 2595 longum
666 2510 725 2574 iter
748 2509 887 2574 instituit
907 2512 1044 2574 Romam
1067 2532 1183 2597 usque,
1204 2513 1314 2577 multas

279 2597 421 2661 civitates
436 2596 525 2674 adiit,
541 2597 650 2660 multis
666 2595 824 2681 episcopis
839 2617 872 2658 se
887 2591 1053 2682 adjunxit3
1078 2596 1230 2662 Corinthi
1245 2621 1313 2663 cum

278 2696 373 2761 esset,
385 2682 426 2746 de
440 2682 564 2770 origine
579 2680 647 2767 ejus
662 2680 804 2746 ecclesiae
821 2681 976 2767 quaesivit,
992 2681 1032 2745 de
1045 2682 1184 2767 epistola
1197 2685 1230 2747 S.
1245 2683 1314 2749 Cle·

280 2768 396 2832 mentis
411 2767 580 2831 certiorem
603 2789 637 2829 se
660 2768 755 2845 fecit;
779 2767 864 2831 illam
880 2767 1045 2831 ecclesiam
1063 2769 1105 2831 ab
1119 2789 1159 2832 eo
1175 2784 1314 2856 tempore

280 2854 314 2919 in
329 2867 417 2915 recta
431 2852 492 2914 fide
507 2852 717 2936 permansisse
731 2875 832 2937 usque
852 2852 892 2916 ad
913 2853 1054 2916 Primum
1075 2869 1154 2918 tunc
1176 2855 1314 2942 episcopi

279 2937 390 3002 locum
412 2937 533 3000 ibidem
555 2952 728 3016 tenentem,
743 2939 929 3002 observavit.
974 2941 1111 3003 Romam
1131 2940 1210 3004 inde
1229 2942 1314 3019 adiit,

278 3022 389 3109 ibique
412 3023 620 3087 successionis
640 3024 783 3088 tabulam
803 3023 943 3087 confecit
956 3047 1058 3109 usque
1071 3025 1113 3088 ad
1129 3026 1315 3105 Anicetum,

280 3111 342 3175 sub
356 3110 448 3196 cujus
471 3109 659 3172 pontificatu
681 3111 818 3172 Romam
835 3110 928 3187 venit,
944 3125 980 3174 ut
1001 3111 1162 3175 Eusebius
1184 3123 1317 3178 testatur

278 3197 335 3261 lib.
349 3196 389 3258 iv.
407 3218 477 3281 cap.
493 3211 539 3258 11.
555 3195 723 3281 obiterque
743 3210 866 3280 postea,
882 3218 955 3258 cum
971 3198 1224 3262 commentarios
1241 3199 1318 3263 scri·

276 3282 368 3348 beret
389 3283 449 3345 sub
471 3281 654 3360 Eleuthem,
669 3303 686 3343 e
701 3281 817 3366 quibus
832 3280 903 3344 haec
916 3281 1012 3344 verba
1026 3284 1219 3370 transcripta
1234 3298 1325 3364 sunt,

279 3369 406 3432 monuit
425 3360 565 3430 Aniceto
587 3367 776 3430 successisse
794 3368 951 3444 Soterem,
968 3368 1072 3431 Soteri
1091 3367 1325 3450 Eleutherum,

278 3454 334 3540 qui
352 3453 481 3516 Aniceti
502 3454 667 3517 Diaconus
689 3468 756 3516 erat
776 3473 815 3514 eo
837 3464 995 3538 tempore,
1018 3476 1083 3539 quo
1107 3455 1224 3521 Romae
1246 3455 1329 3536 fuit,

280 3538 479 3624 addiditque,
499 3543 525 3601 ἐν
548 3538 632 3623 ἑκάςῃ
654 3539 680 3600 δὲ
704 3540 828 3622 διαδοχῇ,
845 3537 877 3601 in
893 3538 974 3602 omni
990 3561 1057 3602 vem
1073 3540 1273 3621 successione,
1286 3557 1338 3608 et:

240 3654 245 3663 1
278 3625 313 3688 in
341 3647 533 3711 unaquaque
559 3625 686 3687 civitate
714 3639 833 3687 rectam
864 3623 958 3688 fidem
987 3639 1208 3691 conservatam
1240 3649 1330 3693 esse.

280 3711 366 3775 Quae
389 3734 464 3774 cum
487 3711 550 3774 sint
571 3709 612 3772 ad
640 3723 780 3772 nostram
805 3709 1098 3795 interpretationem
1120 3712 1340 3778 confirmanae

281 3796 357 3859 darn
377 3795 520 3881 inprimis
539 3810 734 3880 comparata,
751 3794 933 3860 Halloixius
955 3795 1010 3859 illa
1031 3799 1057 3857 ἐν
1078 3795 1164 3882 §adep
1188 3799 1341 3886 διαδοχῇ,

278 3881 314 3947 in
336 3881 515 3967 Hegesippi
534 3881 636 3945 verbis
654 3880 822 3944 recitandis
840 3882 967 3965 penitus
982 3881 1100 3945 omisit.
1145 3883 1247 3949 Hanc
1261 3908 1338 3949 au-

278 3979 348 4031 tem
362 3980 498 4030 veterem
521 3967 691 4031 lectionem
715 3980 747 4029 et
767 3965 1059 4052 interpretationem
1080 3981 1240 4049 nostram,
1256 3993 1352 4057 quw

279 4055 408 4138 διαδοχὴν
432 4053 607 4135 ἐποιησάμην,
622 4052 836 4116 successionem
856 4051 1018 4138 composui,
1033 4053 1080 4117 vel
1103 4056 1342 4120 successionis

279 4138 421 4203 tabulam
437 4138 563 4202 confeci
577 4137 735 4203 redditum
751 4153 811 4216 est,
827 4161 891 4202 non
911 4138 975 4202 alio
996 4152 1189 4223 argumento
1212 4140 1350 4229 rejicit:

279 4223 473 4306 Halioisius,
487 4246 584 4313 quam
603 4222 692 4312 quod
711 4246 777 4289 non
797 4224 839 4289 sit
859 4223 1064 4289 usitatissima
1082 4223 1207 4293 locutio.
1255 4218 1342 4305 Cui
