2716 4748
374 624 420 717 a.
462 570 983 739 APOLLIN'ARIS„

532 927 802 966 ...φ-..-

220 1143 259 1216 S.
283 1141 560 1234 Hmaornnuus,
580 1142 663 1214 Lib.
682 1141 745 1212 De
767 1140 873 1213 Viris
891 1139 1113 1233 Illa-strideo,

507 1301 586 1373 cap.
600 1274 699 1348 xxvi.
716 1300 752 1371 p.
766 1271 827 1362 96.

102 1561 103 1567 Ν
150 1438 531 1562 Aponnlars,
566 1471 664 1570 Ange
702 1468 1001 1567 Hierapolitanis
1034 1465 1188 1565 spisco-

150 1618 231 1690 pus,
249 1592 317 1664 sub
335 1592 560 1690 Imperatore
580 1591 636 1664 M.
655 1591 846 1663 Antonino
861 1590 958 1663 Vero
975 1589 1109 1677 floruit,
1127 1587 1187 1659 cui

150 1720 187 1780 et
213 1709 356 1807 insigne
380 1711 552 1782 volumen
577 1737 644 1808 pro
668 1709 740 1781 fide
758 1708 1051 1780 Christianorum
1074 1704 1188 1778 dedit.

150 1831 294 1906 Extant
309 1834 385 1930 ejus
404 1847 441 1907 et
458 1834 519 1907 alii
538 1835 701 1931 quinque
719 1833 909 1906 adversum
930 1832 1068 1903 Gentes
1092 1828 1190 1939 libri,

151 1970 187 2030 et
204 1957 250 2030 de
263 1958 425 2031 Veritate
439 1959 525 2057 du0,
543 1970 600 2031 aet
616 1958 806 2031 adversum
820 1957 1084 2055 Cataphrygas,
1099 1967 1189 2027 tunc

150 2075 312 2173 primum
335 2089 492 2165 exortos,
511 2102 597 2150 curn
621 2077 785 2150 Priscilla
804 2088 842 2149 et
862 2074 1071 2156 Maximilla
1092 2074 1190 2145 insa·
1286 2098 1294 2114 ³

153 2195 210 2267 nis
227 2195 383 2285 vatibuS,
401 2197 601 2294 incipiente
619 2196 813 2269 Montano.

193 2421 207 2451 ¹
228 2413 337 2472 Omisit
355 2415 550 2492 Hieronymus
569 2424 743 2471 memoratos
762 2392 890 2470 Eusebio
909 2413 998 2470 libros
1015 2412 1191 2490 Apollinaris
1220 2417 1221 2421 ’

153 2517 224 2576 duos
239 2521 302 2596 πρὸς
316 2518 459 2587 Ἰουδαίους.
482 2521 562 2593 (Lib.
574 2522 611 2577 iv.
626 2540 650 2576 c.
662 2519 725 2594 27.)
769 2520 825 2576 Sed
839 2519 911 2575 ethi
926 2527 955 2576 ct
968 2528 1072 2577 caetera
1085 2520 1193 2596 scripta
1255 2546 1264 2557 ·

153 2619 330 2698 Apollinaris
341 2621 427 2676 hodie
439 2621 644 2679 desiderantur.
665 2621 846 2678 Fansicius.
875 2621 985 2678 Abesse
1000 2629 1096 2679 autem
1110 2619 1192 2687 illud,

153 2724 221 2779 door
240 2723 321 2779 libros
341 2726 482 2780 adversam
502 2726 622 2791 Judaeos,
644 2745 662 2782 a
683 2725 764 2782 codd.
786 2724 932 2781 nonnullis
954 2724 1042 2800 ipsius
1061 2722 1193 2788 Eusebii,

154 2825 333 2881 monendum
346 2835 399 2882 est.
425 2827 568 2883 Caeterum
578 2827 613 2882 de
624 2826 797 2904 Apollinarii
810 2826 911 2882 mortis
921 2825 1008 2882 modo
1022 2824 1068 2881 vel
1080 2833 1193 2900 tempo·

154 2943 185 2981 re
195 2924 238 2981 nil
250 2925 369 3000 liquere,
382 2928 424 2983 ait
434 2928 548 2985 Cavius.
569 2928 633 2985 Nec
644 2939 768 3006 tempus,
777 2946 870 3002 neque
880 2927 961 3001 regio
972 2928 1060 2994 Asiae,
1071 2925 1194 2981 fortasse

154 3027 292 3082 convenit
311 3046 376 3082 cum
395 3029 568 3102 cognomine
581 3028 754 3106 Apollinari,
769 3046 853 3102 quem
869 3027 1011 3102 optimum
1024 3044 1128 3102 papam
1141 3043 1195 3080 vo·

154 3138 202 3186 cat
215 3128 357 3204 Origenes
372 3129 428 3186 fine
442 3132 574 3204 Epistolae
587 3133 624 3187 ad
637 3131 809 3206 Africanum.
851 3128 1055 3184 Beatissimum
1068 3127 1196 3204 appellat

153 3216 233 3288 huiic
248 3231 501 3308 Hierapolitanum
514 3235 680 3311 episcopum
695 3234 824 3308 Serapio,
838 3231 898 3288 fere
915 3231 1030 3306 aqualis
1045 3229 1118 3307 ejus,
1132 3231 1194 3291 An-

154 3336 308 3392 tioohenus
330 3337 491 3412 episcopus,
506 3345 536 3392 et
556 3338 617 3412 ipse
638 3355 752 3411 quoque
770 3345 898 3392 veterum
918 3336 1055 3412 opinione
1069 3345 1194 3393 sanctus.

155 3439 229 3496 Vide
243 3438 320 3494 infra
334 3439 496 3515 Serapionis
508 3439 717 3505 testimonium,
729 3449 759 3494 et
769 3448 840 3494 nota
853 3438 985 3515 deinceps
999 3448 1108 3513 quanta
1121 3458 1194 3515 prae-

155 3551 235 3599 terea
253 3541 338 3599 laude
351 3561 416 3597 eum
432 3544 596 3600 ornaverint
613 3541 766 3608 Eusebius,
781 3541 967 3615 Photiusque.
1009 3539 1195 3596 Theodorcto

155 3662 271 3720 quoque
284 3643 459 3720 Apollinaris
474 3655 519 3701 est
532 3643 593 3724 deig
607 3646 764 3715 ἄξιέπαινος,
780 3641 825 3700 nai
840 3638 897 3719 spir
911 3641 944 3721 τῇ
959 3640 1048 3712 yrdou
1062 3648 1110 3699 ‘eois
1125 3639 1196 3699 delun

156 3747 202 3808 nai
216 3745 261 3810 sin
277 3746 365 3818 ἴξωθυ
378 3746 502 3807 wasdiioer
516 3747 702 3824 σροσοιληφῶς.
729 3747 832 3803 Haeret.
846 3746 909 3803 Fal.
925 3745 1071 3823 Compend,
1085 3745 1125 3803 iii.
1138 3747 1166 3803 2.
