2716 4748
605 265 966 337 ANNOTATIONES

753 475 815 539 IX.

316 614 349 677 P.
366 618 415 676 56.
438 611 461 676 l.
480 623 526 675 14.
560 630 716 676 cuman
748 632 851 677 nure
880 614 967 697 nos]
996 608 1116 678 Confer
1141 612 1308 679 Pearsonii

270 696 434 763 Vindicias
456 697 673 783 Epistolarum
696 697 814 784 Ignatii
836 699 920 764 Part.
936 700 964 764 1.
987 719 1056 784 cap.
1071 698 1111 763 vi.
1136 719 1216 800 pag.
1232 713 1307 779 297.

270 784 419 850 editionis
443 782 574 859 Clerici,
597 782 655 846 nbi
680 797 714 848 et
739 782 915 850 Clementis
936 783 1146 851 Alexandrim
1170 785 1308 875 gemine

268 869 387 961 allegat
399 870 504 937 verba.
537 869 713 936 Gnauws
729 870 770 935 ad
783 870 865 934 Iren.

759 1076 803 1140 X.

309 1214 393 1279 Ibid.
409 1214 431 1279 l.
447 1229 493 1280 le.
510 1217 628 1276 “Anarta
641 1209 734 1297 μέτρῳ]
749 1213 844 1277 Hanc
855 1209 969 1277 Irenaei
983 1211 1172 1278 sententiam
1184 1213 1306 1283 Graecc

265 1319 305 1366 ex
328 1301 580 1366 Claromontano
602 1299 827 1365 Parallelorum
847 1298 1041 1364 Damasceni
1062 1299 1174 1365 codice
1197 1300 1307 1366 edidit

264 1386 448 1453 Halloixius
471 1386 503 1451 in
524 1386 601 1452 Vita
622 1384 734 1450 Irenaei
754 1407 830 1472 pag.
844 1397 914 1449 483.
934 1408 1007 1472 quae
1030 1398 1063 1449 et
1084 1384 1117 1450 in
1138 1386 1305 1455 Vaticano

264 1472 440 1539 eorundem
462 1471 687 1538 Parallelorum
711 1471 883 1557 exemplari
904 1470 953 1536 lit.
970 1472 1013 1535 A.
1034 1492 1104 1572 cap.
1126 1486 1157 1536 2.
1180 1471 1304 1539 eodem

262 1559 363 1624 modo
376 1558 506 1646 legitur.
540 1560 698 1623 Irenaeum
712 1579 785 1622 vero
800 1555 942 1622 alludere
956 1557 997 1621 ad
1012 1557 1054 1621 Sa
1078 1557 1182 1633 rentiae
1195 1557 1242 1622 xi.
1252 1572 1303 1620 21.

262 1644 399 1733 quilibet
412 1644 508 1712 videt.
540 1646 740 1710 Mnssuer.
755 1642 796 1707 ad
809 1642 974 1722 lrenoentn,
989 1665 1029 1706 ex
1077 1643 1178 1707 rabio.

306 1731 389 1797 Ibid.
404 1730 426 1794 l.
438 1745 487 1795 21.
502 1733 546 1795 Et
558 1731 651 1807 bene,
663 1730 718 1815 qui
731 1727 887 1882 dixitssDe
899 1728 963 1797 hoc
973 1728 1061 1798 dicto
1075 1728 1149 1815 lege
1163 1728 1303 1794 omnino

261 1813 307 1883 D.
320 1816 453 1902 Georgii
467 1815 553 1879 Bulli
564 1815 795 1881 Defensionem
833 1813 895 1877 idei
906 1814 1062 1893 Nioaenae,
1074 1815 1159 1883 Sect.
1170 1815 1218 1878 ll.
1232 1838 1262 1879 o.
1271 1837 1303 1881 v.

262 1901 293 1985 ᾗ.
304 1913 335 1967 4.
359 1903 480 1967 Gnan.
497 1900 571 1966 ibid.
603 1899 810 1986 Respondens
824 1899 911 1965 vanis
923 1900 1154 1968 Gnosticorum
1168 1900 1303 1968 cavilla·

260 1986 413 2068 tionibuS,
426 1987 481 2075 qui
496 2009 535 2052 ex
549 2009 657 2051 eversa
671 1985 909 2072 Hierosolyma,
921 1985 1047 2056 civitate
1061 1985 1159 2072 Regis
1172 1985 1302 2073 magni,

259 2084 293 2136 et
306 2072 461 2160 abrogata
474 2073 571 2140 veteri
585 2071 658 2158 lege
669 2071 847 2137 inferebant
860 2071 960 2137 alium
974 2079 1044 2140 esse
1055 2070 1180 2149 veteris,
1193 2071 1301 2138 alium

259 2159 333 2223 novi
346 2158 543 2223 Testamenti
554 2172 718 2223 auctorem
731 2170 764 2221 et
774 2158 895 2236 Deum,
905 2156 1046 2221 ostendit
1057 2168 1090 2220 et
1102 2156 1300 2245 Hierosoly-

257 2264 322 2308 mae
331 2258 363 2308 et
373 2244 470 2309 veteri
482 2245 547 2330 legi
559 2266 654 2308 snum
663 2257 790 2329 tempus
800 2264 820 2309 a
829 2243 904 2306 Deo
916 2264 1063 2308 mensum
1075 2264 1112 2306 ac
1125 2240 1300 2309 definitum

257 2329 376 2411 fuisse3
401 2343 570 2416 utramque
583 2329 767 2393 adveniente
782 2350 863 2392 nova
877 2329 950 2414 lege
963 2327 1105 2392 desinere
1125 2326 1300 2408 debuisse3

255 2414 353 2503 idque
367 2414 601 2502 sapientissimo
621 2427 654 2479 et
671 2414 907 2479 ordinatissimo
929 2414 994 2478 Dei
1014 2413 1148 2478 consilio
1170 2413 1301 2479 factum

255 2501 365 2566 fuisse.
407 2501 520 2566 Omnia
535 2501 627 2579 eninr,
641 2500 756 2587 inquit,
771 2522 914 2564 mensura
929 2510 958 2563 et
976 2499 1080 2563 ordine
1094 2501 1182 2563 Dens
1190 2499 1300 2584 facit,

254 2598 286 2651 et
300 2587 383 2651 nihil
395 2609 455 2652 non
474 2610 613 2651 mensum
627 2587 711 2672 apud
723 2609 803 2664 enin,
819 2584 964 2673 qnoniam
979 2607 1033 2649 nec
1048 2584 1298 2670 incompositum.

255 2673 355 2758 Quod
369 2687 581 2759 postremum,
598 2673 730 2752 scilicet,
745 2672 825 2735 nihil
839 2694 905 2736 non
918 2693 1065 2735 mensum
1080 2670 1166 2757 apud
1180 2671 1298 2735 Deum

143 2775 145 2780 ·
253 2778 335 2836 esse,
364 2771 402 2822 ut
432 2759 558 2842 probet,
586 2758 696 2823 laudat
726 2771 864 2821 veterem
892 2758 1032 2843 aliquem
1061 2769 1117 2821 aut
1145 2777 1297 2821 coaevum

207 2892 210 2897 «
253 2844 316 2906 scri
340 2857 440 2906 torem
467 2842 728 2917 Ecclesiastioum
751 2842 844 2927 cujus
863 2864 981 2906 nomen
1003 2855 1099 2922 tacet,
1116 2842 1173 2906 sed
1194 2842 1297 2907 verba

291 2865 380 2992 oiiat.
403 2928 450 2991 Et
464 2927 546 3007 dene,
559 2928 614 3006 ait,
627 2930 681 3015 qni
695 2928 788 3005 dixit,
801 2928 902 3012 ipsum
916 2929 1097 2992 immensum
1111 2931 1243 2992 Patrem
1259 2927 1296 2991 in

276 2950 291 2991 r

252 2948 334 3077 iilia
349 3023 561 3078 mensuratum
567 3040 580 3092 ,-
593 3037 737 3078 mensuro
749 3013 832 3077 enim
840 3014 959 3090 Patris,
972 3013 1083 3092 Filius,
1098 3011 1247 3100 qnoniam
1261 3024 1295 3079 et

252 3101 337 3186 capit
348 3122 428 3164 etim.
450 3100 578 3186 Quibus
590 3101 741 3178 ostendit,
750 3100 859 3163 Deum
872 3100 953 3164 adeo
963 3101 1094 3177 ordinis,
1104 3099 1293 3185 proportio-

251 3187 311 3265 nis,
324 3198 356 3250 et
378 3207 535 3249 mensurae
557 3199 717 3251 amantem
740 3206 820 3264 esse,
839 3199 877 3248 ut
898 3207 1002 3271 neque
1023 3208 1112 3249 suam
1136 3184 1204 3269 ipse
1228 3182 1293 3249 sibi

250 3293 434 3336 mensuram
456 3271 566 3336 deesse
587 3271 732 3338 voluerit.
777 3271 875 3335 Filius
893 3271 978 3334 enim
993 3285 1043 3335 est
1061 3291 1212 3334 mensura
1229 3271 1292 3334 Pa-

249 3359 318 3437 tris,
333 3357 388 3443 qui
410 3369 513 3421 totam
538 3356 638 3422 Patris
660 3355 918 3438 immensitatem,
933 3357 1133 3433 intinitatem,
1155 3367 1188 3418 et
1209 3356 1291 3419 sub-

249 3443 398 3507 stantiam
427 3441 460 3504 in
489 3464 523 3505 se
552 3443 649 3527 capit,
676 3442 820 3506 continet
847 3463 884 3506 ac
912 3442 1011 3507 veluti
1039 3440 1289 3511 circumscribit,

249 3529 448 3599 Massunr.
462 3525 536 3593 idid.
565 3528 715 3593 Dissertt.
732 3549 764 3614 p.
776 3527 878 3593 cmxi.

734 3731 795 3799 XI.

291 3869 324 3933 P.
338 3879 388 3944 57.
404 3866 426 3932 l.
438 3884 469 3945 9.
491 3866 511 3929 ἅ
525 3892 568 3930 σοι
580 3869 701 3952 χορηγεῖ
718 3868 766 3942 σὸς
784 3869 895 3952 πατὴρ]
916 3868 1041 3930 Locum
1057 3866 1198 3931 restituit
1210 3867 1283 3933 Bil-

244 3956 306 4021 lius
322 3975 361 4018 ex
375 3954 451 4016 Vct.
465 3953 583 4038 Interp.
599 3973 658 4038 pro
673 3951 693 4013 el
706 3953 741 4015 σὺ
782 3958 886 4036 ορηγεῖς
900 3954 945 4026 ὠς.
969 3953 1006 4014 In
1023 3967 1146 4016 textum
1162 3955 1284 4040 recepi,

244 4043 328 4108 sicut
344 4039 529 4103 Pearsonius
543 4040 661 4107 fecerat
675 4038 708 4101 in
728 3979 879 4101 lsdeiciis
895 4037 1081 4124 ignatianis,
1098 4039 1131 4102 P.
1144 4037 1165 4102 i.
1182 4060 1211 4105 c.
1222 4047 1255 4103 6.

287 4126 372 4191 lbid.
394 4124 493 4187 Σατᾶν
512 4123 572 4207 olel]
592 4125 667 4186 Hoc
682 4144 741 4208 pro
755 4124 875 4186 Σατανᾶ
889 4129 911 4186 εἰ
924 4138 999 4208 post
1014 4123 1212 4206 Scaligerurn
1230 4147 1282 4187 re·

239 4212 351 4304 posuit
365 4209 509 4277 Petavius
522 4208 557 4282 in
571 4208 715 4299 margine
730 4208 900 4300 Epiphanii
912 4229 945 4296 p.
954 4215 1024 4274 246.
1036 4223 1140 4275 metro
1156 4209 1202 4278 ita
1212 4209 1286 4280 exi·
