2716 4748
269 296 311 388 ³⁸
450 293 684 364 11110111.
704 299 759 367 m
780 291 1118 367 tantm.-rrneu.

270 473 293 506 “
308 477 389 531 tates
403 488 475 555 qnoe
484 467 701 555 percipiantur
713 492 752 534 ex
763 469 847 535 cilis.
880 472 1026 560 Moxque
1034 471 1145 538 addit:
1168 470 1229 534 Kal
1244 469 1303 534 Ei·

270 558 294 592 “
307 555 411 638 ρηναῖος
432 552 459 616 ii
485 559 499 617 6
518 555 686 639 Auspicium
704 558 730 620 11
748 560 880 642 1111111111
899 556 1026 643 salpistas
1037 557 1163 644 πέμπτῳ
1176 555 1257 642 λόγῳ
1268 559 1302 618 τὸ

269 637 535 721 (1011101101,καὶ
557 639 641 726 stapsi
664 665 685 704 n
707 641 836 728 μάρτυρα
856 649 910 706 raia
930 645 973 705 ὑπ’
996 647 1080 707 αὑτοῦ
1100 641 1242 729 1111111101
1254 642 1303 704 ris

268 729 292 763 “
305 723 449 810 λεχθέντα
467 725 595 789 nantes.
623 772 625 777 -
665 727 719 791 nin
738 738 769 791 et
788 730 925 794 Irenaeus
938 726 1155 827 Lugdunensis
1168 729 1202 792 Ε
1225 726 1303 790 isco·

270 816 292 849 “
304 824 366 895 pas
380 808 433 874 tit.
446 833 476 874 v.
495 810 640 877 adversm
658 811 789 879 lraerases
808 813 889 878 idem
911 815 1019 892 tradat,
1040 814 1093 878 abi
1110 829 1152 899 pr
1205 813 1303 877 ictum

269 902 292 935 “
307 895 441 980 Papiam
459 895 551 964 dictis
569 897 634 962 snit
651 908 759 962 testem
771 898 905 965 naliter.
950 899 1047 965 Unde
1062 912 1161 986 patet,
1175 898 1238 963 hos
1252 920 1304 963 re·

269 985 292 1020 “
307 982 447 1068 spexissc
460 1003 509 1062 ea,
522 1005 596 1068 quae
614 1005 710 1071 supra
722 1006 762 1050 ex
777 987 900 1050 lrenaeo
912 985 1147 1072 descripsimus.
1191 984 1303 1049 Plures

270 1066 365 1154 “qui
387 1067 515 1154 Papiam
538 1083 682 1134 nostrum
705 1070 880 1151 citaverint,
895 1071 1065 1158 scriptores
1083 1070 1171 1135 haud
1185 1069 1303 1134 memi-

191 1164 193 1170 ’
268 1156 293 1191 “
307 1152 360 1220 ni:
384 1175 457 1217 nam
471 1152 552 1219 alius
568 1155 699 1220 omnino
713 1155 810 1244 hujus
824 1156 963 1221 nominis
976 1177 1046 1221 esse
1060 1155 1194 1232 videtur,
1209 1154 1303 1242 cujus

269 1243 293 1277 “
309 1237 553 1326 Syagrammata
572 1239 753 1327 allegantur
777 1241 811 1306 in
836 1241 998 1307 Chronica
1018 1239 1304 1318 demonstratione,

269 1328 294 1363 “
307 1322 420 1389 Allatii
433 1324 490 1390 lib.
504 1323 545 1390 de
559 1325 747 1392 Simeonum
761 1327 822 1392 scri
846 1329 886 1393 tis
900 1327 1011 1393 suffixa
1024 1348 1099 1426 pag.
1111 1341 1161 1391 22.
1190 1325 1256 1390 Sed
1270 1337 1304 1389 et

269 1415 293 1449 “
308 1410 407 1474 MSS.
423 1410 561 1476 Codices
574 1411 705 1498 Angliae
725 1413 805 1478 nihil
822 1349 871 1478 ia
894 1414 933 1478 iae
951 1413 1167 1512 suppedrtant‚
1185 1424 1304 1510 prater

269 1501 293 1535 “
307 1495 393 1562 istud
404 1497 492 1597 quod
506 1499 649 1586 sequitur
662 1498 702 1564 de
716 1513 854 1587 quatuor
910 1499 983 1564 ariis
997 1520 1029 1562 rn
1043 1497 1221 1584 Evangelio
1234 1517 1303 1560 1110-

270 1581 471 1648 “moratrs.''
1159 1620 1161 1624 ·

314 1669 350 1734 P.
365 1675 413 1732 16.
426 1668 519 1734 1111.
532 1668 706 1756 habuerit]
721 1664 858 1736 Addidit
870 1665 909 1749 is,
919 1670 976 1758 qui
988 1669 1059 1734 haec
1072 1667 1251 1754 descripsit,
1263 1665 1304 1733 de

269 1775 349 1818 suo:
369 1755 482 1819 Maria
501 1753 615 1819 dicitnr
635 1755 854 1824 Illnminatrin
872 1756 935 1821 tiae
948 1755 1043 1821 stella
1055 1753 1304 1840 marispgenait

270 1837 352 1902 enim
366 1837 470 1904 lamen
482 1840 609 1904 mandi:
631 1861 766 1907 sermone
780 1853 882 1907 antem
900 1843 977 1928 Syro
992 1842 1128 1907 Domina
1141 1853 1303 1924 nuncupa*-

265 1934 336 2003 ·tar,
349 1924 424 2012 qaia
441 1926 550 2013 gennit
571 1926 753 1994 Dominam.
790 1929 897 1993 Priora
918 1950 993 1993 vero
1015 1949 1054 1991 ex
1075 1927 1179 2012 Papiae
1203 1924 1305 1990 nostri

268 2009 360 2075 libris
383 2008 572 2099 deprompta
595 2033 665 2077 esse
686 2013 798 2079 exinde
820 2013 955 2101 colligo,
975 2013 1051 2100 quia
1071 2012 1163 2076 initio
1184 2010 1304 2075 horum

269 2095 438 2162 verborum
454 2096 496 2162 ad
510 2098 690 2184 marginem
704 2120 850 2186 expresse
864 2098 1057 2186 adscriptum
1073 2099 1165 2183 lego:
1188 2095 1304 2181 Papias

272 2181 436 2247 Caeterum
472 2205 522 2248 uae
537 2183 622 2248 Cod.
635 2197 720 2259 1752.
736 2185 791 2285 qui
805 2198 855 2249 est
868 2184 999 2270 Digbaei
1016 2199 1082 2248 151.
1094 2183 1126 2248 in
1142 2181 1304 2268 catalogo
1322 2224 1324 2229 -

269 2266 438 2353 signantur
483 2279 611 2356 scerpta
624 2269 662 2334 de
674 2273 788 2356 Papia,
804 2283 880 2336 sunt
892 2269 1060 2348 vocabula,
1073 2290 1113 2334 ex
1131 2268 1304 2333 Dictiona·

269 2353 319 2420 rio
334 2352 464 2420 alterius
479 2355 595 2442 Papiae,
607 2371 742 2442 exeunte
756 2356 865 2421 seculo
881 2377 953 2421 1111.
965 2354 1118 2434 florentis,
1132 2353 1303 2502 descriptas

271 2441 461 2507 Gustatus.
504 2442 563 2506 Ait
581 2455 734 2528 praetcrea
753 2443 799 2508 vir
817 2441 907 2507 elin
931 2441 1027 2506 titulo
1048 2460 1145 2527 quem
1168 2461 1235 2527 prae
1259 2439 1306 2503 xit

268 2527 403 2613 τῇρἦσει,
417 2526 575 2604 codicem,
593 2550 633 2594 ex
654 2551 719 2615 quo
741 2527 812 2593 haec
830 2527 1000 2615 desumpta
1014 2538 1099 2605 sunt,
1114 2547 1199 2589 anno
1217 2539 1304 2589 1303.

269 2625 303 2675 01
320 2627 406 2677 1303.
421 2612 453 2676 in
466 2612 596 2677 abbatia
610 2614 775 2678 Osneiensi
790 2635 889 2700 prope
904 2613 1066 2680 Ortonium
1080 2612 1238 2698 scriptum
1253 2610 1306 2674 fu·

269 2695 343 2762 isse.
387 2699 493 2784 Quem
520 2698 650 2783 quidem
673 2699 818 2764 codicem
840 2699 943 2764 inveni
968 2711 1065 2765 notas,
1084 2696 1244 2760 miscellas
1272 2706 1306 2760 et

265 2780 356 2870 justa
371 2782 519 2868 quaedam
534 2804 631 2870 opera
645 2784 818 2865 continere,
833 2783 890 2848 sed
905 2784 949 2849 nil
967 2782 1055 2848 aliud
1077 2783 1196 2846 habere
1217 2803 1304 2882 prae·

269 2880 359 2932 terea
380 2868 421 2931 de
442 2867 557 2932 eodem
580 2884 784 2956 argumento.
828 2873 905 2959 Quo
920 2869 1014 2934 citius
1028 2881 1136 2934 autem
1151 2889 1201 2932 res
1216 2890 1249 2932 rn
1264 2888 1306 2931 eo

270 2965 407 3018 tractata
427 2953 636 3040 intelligatur,
651 2956 781 3020 nomina
803 2955 975 3020 mulierum
994 2967 1174 3020 sanctarum
1190 2975 1307 3018 nume·

270 3061 381 3104 rorum
399 3039 655 3120 11011111101111111.Ι
672 3043 790 3128 Neque
833 3042 957 3106 1010010
979 3041 1054 3106 levis
1076 3039 1232 3103 momenti
1253 3039 1307 3102 fo.-

269 3139 342 3189 10111
354 3125 450 3189 verba
470 3125 532 3190 ista
549 3126 582 3191 in
605 3128 780 3213 quaestione
821 3150 840 3190 e
861 3123 982 3191 Christi
1003 3126 1137 3192 Domini
1156 3147 1197 3189 co
1244 3125 1307 3189 atis

271 3210 489 3298 dijudicanda,
504 3211 604 3276 modo
623 3227 662 3277 ut
680 3235 700 3277 a
719 3212 814 3298 Papia
829 3212 974 3298 profecta
987 3213 1116 3290 fuerint,
1148 3233 1191 3274 uo
1228 3231 1307 3275 vero

272 3297 360 3361 haud
379 3296 524 3361 absimile
540 3298 672 3363 videtur.
707 3298 783 3364 Vid.
798 3313 907 3362 notam
922 3320 1018 3384 supra
1031 3296 1072 3361 ad
1088 3297 1122 3360 S.
1174 3297 1306 3396 ierony-

272 3383 318 3446 mi
337 3382 379 3446 de
401 3382 498 3469 Papia
516 3384 704 3469 capitulum.
748 3383 812 3448 Sed
830 3397 937 3448 tamen
952 3385 992 3447 ab
1005 3383 1074 3448 istis
1090 3381 1222 3445 omnino
1237 3381 1308 3445 1110-

271 3489 324 3532 010
346 3481 412 3546 ant,
427 3490 500 3554 quae
519 3469 717 3554 Epiphanius
739 3470 772 3533 in
792 3468 917 3534 Haeresi
932 3489 1103 3534 uxxvttr.
1120 3489 1208 3530 num.
1224 3479 1256 3541 7.
1273 3479 1309 3533 et

272 3567 303 3618 8.
319 3489 359 3617 de
373 3554 567 3640 cognatione
580 3555 714 3620 Domini
728 3554 869 3635 tradidit,
885 3569 919 3620 et
931 3554 1088 3619 contraria
1108 3566 1183 3616 sunt
1202 3553 1308 3617 1011110

272 3639 382 3703 omnia
404 3662 476 3726 quae
500 3660 540 3703 ex
561 3640 733 3727 Hippolyti
755 3641 901 3705 Thebani
925 3640 1069 3703 Chronico
1083 3638 1257 3789 superista
1271 3657 1308 3704 10

272 3725 532 3878 desumptfalsunt
547 3726 581 3791 in
600 3725 744 3792 codicem
759 3727 833 3792 MS.
848 3725 944 3792 Bodl.
958 3741 1028 3804 291.
1043 3747 1100 3790 seu
1147 3723 1308 3790 romwell.

275 3825 375 3878 112.a
425 3817 551 3888 0.637.
