<?xml version="1.0" encoding="UTF-8"?>
<!DOCTYPE html PUBLIC "-//W3C//DTD XHTML 1.0 Transitional//EN"
    "http://www.w3.org/TR/xhtml1/DTD/xhtml1-transitional.dtd">
<html xmlns="http://www.w3.org/1999/xhtml" xml:lang="en" lang="en">
 <head>
  <title>
</title>
<meta http-equiv="Content-Type" content="text/html;charset=utf-8" />
  <meta name='ocr-system' content='tesseract 3.04.00' />
  <meta name='ocr-capabilities' content='ocr_page ocr_carea ocr_par ocr_line ocrx_word'/>
</head>
<body>
  <div class='ocr_page' id='page_1' title='image "./reliquiaesacrae00routgoog_0490.png"; bbox 0 0 2716 4748; ppageno 0'>
   <div class='ocr_carea' id='block_1_1' title="bbox 505 301 1187 399">
    <p class='ocr_par' dir='ltr' id='par_1_1' title="bbox 505 301 1187 399">
     <span class='ocr_line' id='line_1_1' title="bbox 505 301 1187 399; baseline 0.003 -32"><span class='ocrx_word' id='word_1_1' title='bbox 505 304 557 369; x_wconf 84' lang='lat' dir='ltr'>m</span> <span class='ocrx_word' id='word_1_2' title='bbox 578 301 839 399; x_wconf 73' lang='lat' dir='ltr'>namnum·</span> <span class='ocrx_word' id='word_1_3' title='bbox 1120 320 1187 393; x_wconf 79' lang='lat'>459</span> 
     </span>
    </p>
   </div>
   <div class='ocr_carea' id='block_1_2' title="bbox 124 474 1291 3388">
    <p class='ocr_par' dir='ltr' id='par_1_2' title="bbox 124 474 1291 2254">
     <span class='ocr_line' id='line_1_2' title="bbox 151 474 1184 544; baseline 0.005 -5"><span class='ocrx_word' id='word_1_4' title='bbox 151 487 250 539; x_wconf 89' lang='lat' dir='ltr'>teram</span> <span class='ocrx_word' id='word_1_5' title='bbox 278 488 386 538; x_wconf 88' lang='lat' dir='ltr'>tamen</span> <span class='ocrx_word' id='word_1_6' title='bbox 410 474 580 539; x_wconf 88' lang='lat' dir='ltr'>lectionem</span> <span class='ocrx_word' id='word_1_7' title='bbox 607 475 639 540; x_wconf 91' lang='lat' dir='ltr'>in</span> <span class='ocrx_word' id='word_1_8' title='bbox 666 475 777 540; x_wconf 90' lang='lat' dir='ltr'>codice</span> <span class='ocrx_word' id='word_1_9' title='bbox 801 496 861 539; x_wconf 88' lang='lat' dir='ltr'>suo</span> <span class='ocrx_word' id='word_1_10' title='bbox 883 475 1037 539; x_wconf 79' lang='lat' dir='ltr'>invenisne</span> <span class='ocrx_word' id='word_1_11' title='bbox 1061 474 1184 544; x_wconf 88' lang='lat' dir='ltr'>videtur</span> 
     </span>
     <span class='ocr_line' id='line_1_3' title="bbox 151 560 1185 647; baseline 0.002 -22"><span class='ocrx_word' id='word_1_12' title='bbox 151 561 314 647; x_wconf 83' lang='lat' dir='ltr'>Georgius</span> <span class='ocrx_word' id='word_1_13' title='bbox 328 560 560 646; x_wconf 83' lang='lat' dir='ltr'>Trapezuntius</span> <span class='ocrx_word' id='word_1_14' title='bbox 575 561 822 646; x_wconf 76' lang='lat' dir='ltr'>Proeparationis</span> <span class='ocrx_word' id='word_1_15' title='bbox 831 576 925 626; x_wconf 49' lang='lat' dir='ltr'>*vetus</span> <span class='ocrx_word' id='word_1_16' title='bbox 940 560 1075 626; x_wconf 85' lang='lat' dir='ltr'>Latinus</span> <span class='ocrx_word' id='word_1_17' title='bbox 1087 564 1185 629; x_wconf 91' lang='lat' dir='ltr'>inter·</span> 
     </span>
     <span class='ocr_line' id='line_1_4' title="bbox 172 664 1186 710; baseline 0.002 0"><span class='ocrx_word' id='word_1_18' title='bbox 172 669 233 710; x_wconf 87' lang='lat' dir='ltr'>res.</span> <span class='ocrx_word' id='word_1_19' title='bbox 283 679 285 682; x_wconf 30' lang='lat' dir='ltr'>v</span> <span class='ocrx_word' id='word_1_20' title='bbox 878 664 881 673; x_wconf 87' lang='grc'><em>·</em></span> <span class='ocrx_word' id='word_1_21' title='bbox 1183 687 1186 692; x_wconf 93' lang='grc'>-</span> 
     </span>
     <span class='ocr_line' id='line_1_5' title="bbox 149 668 1185 818; baseline 0.002 -23"><span class='ocrx_word' id='word_1_22' title='bbox 149 668 172 732; x_wconf 76' lang='lat' dir='ltr'>p</span> <span class='ocrx_word' id='word_1_23' title='bbox 195 733 228 795; x_wconf 89' lang='lat' dir='ltr'>P.</span> <span class='ocrx_word' id='word_1_24' title='bbox 241 744 311 796; x_wconf 83' lang='lat'><strong>443.</strong></span> <span class='ocrx_word' id='word_1_25' title='bbox 331 731 354 795; x_wconf 89' lang='grc' dir='ltr'>Ι.</span> <span class='ocrx_word' id='word_1_26' title='bbox 370 745 417 795; x_wconf 90' lang='lat'>15.</span> <span class='ocrx_word' id='word_1_27' title='bbox 446 736 530 818; x_wconf 70' lang='grc' dir='ltr'>παρὰ</span> <span class='ocrx_word' id='word_1_28' title='bbox 552 731 652 817; x_wconf 71' lang='grc' dir='ltr'>λόγον]</span> <span class='ocrx_word' id='word_1_29' title='bbox 676 733 725 796; x_wconf 87' lang='lat' dir='ltr'>Ita</span> <span class='ocrx_word' id='word_1_30' title='bbox 746 753 786 796; x_wconf 86' lang='lat' dir='ltr'>ex</span> <span class='ocrx_word' id='word_1_31' title='bbox 807 730 984 797; x_wconf 75' lang='lat' dir='ltr'>Philoculia</span> <span class='ocrx_word' id='word_1_32' title='bbox 1006 730 1102 812; x_wconf 80' lang='lat' dir='ltr'>edidi,</span> <span class='ocrx_word' id='word_1_33' title='bbox 1124 734 1185 800; x_wconf 72' lang='lat' dir='ltr'>etsi</span> 
     </span>
     <span class='ocr_line' id='line_1_6' title="bbox 149 816 1184 918; baseline 0.003 -38"><span class='ocrx_word' id='word_1_34' title='bbox 149 817 319 903; x_wconf 67' lang='grc' dir='ltr'>παράλογον</span> <span class='ocrx_word' id='word_1_35' title='bbox 333 816 580 902; x_wconf 77' lang='lat' dir='ltr'>Praeparationis</span> <span class='ocrx_word' id='word_1_36' title='bbox 602 817 770 882; x_wconf 89' lang='lat' dir='ltr'>lectionem</span> <span class='ocrx_word' id='word_1_37' title='bbox 787 818 819 881; x_wconf 89' lang='lat' dir='ltr'>in</span> <span class='ocrx_word' id='word_1_38' title='bbox 836 818 920 882; x_wconf 82' lang='lat' dir='ltr'>hunc&#39;</span> <span class='ocrx_word' id='word_1_39' title='bbox 935 818 1068 883; x_wconf 91' lang='lat' dir='ltr'>modum</span> <span class='ocrx_word' id='word_1_40' title='bbox 1085 841 1184 918; x_wconf 83' lang='lat' dir='ltr'>expo·</span> 
     </span>
     <span class='ocr_line' id='line_1_7' title="bbox 150 903 1184 990; baseline 0.003 -24"><span class='ocrx_word' id='word_1_41' title='bbox 150 904 199 966; x_wconf 90' lang='lat' dir='ltr'>nit</span> <span class='ocrx_word' id='word_1_42' title='bbox 213 903 352 989; x_wconf 84' lang='lat' dir='ltr'>Vigerus</span> <span class='ocrx_word' id='word_1_43' title='bbox 366 904 596 989; x_wconf 86' lang='lat' dir='ltr'>comprobante</span> <span class='ocrx_word' id='word_1_44' title='bbox 611 904 706 967; x_wconf 88' lang='lat' dir='ltr'>etiam</span> <span class='ocrx_word' id='word_1_45' title='bbox 725 903 802 968; x_wconf 87' lang='lat' dir='ltr'>Gul.</span> <span class='ocrx_word' id='word_1_46' title='bbox 819 905 991 989; x_wconf 85' lang='lat' dir='ltr'>Spenc‘ero‚</span> <span class='ocrx_word' id='word_1_47' title='bbox 1007 905 1062 990; x_wconf 89' lang='lat' dir='ltr'>qui</span> <span class='ocrx_word' id='word_1_48' title='bbox 1075 904 1153 969; x_wconf 87' lang='lat' dir='ltr'>Plnl</span> <span class='ocrx_word' id='word_1_49' title='bbox 1169 942 1184 955; x_wconf 95' lang='lat'>-</span> 
     </span>
     <span class='ocr_line' id='line_1_8' title="bbox 150 984 1185 1077; baseline 0.003 -24"><span class='ocrx_word' id='word_1_50' title='bbox 150 984 264 1053; x_wconf 85' lang='lat' dir='ltr'>caliarn</span> <span class='ocrx_word' id='word_1_51' title='bbox 279 1003 353 1075; x_wconf 87' lang='lat' dir='ltr'>post</span> <span class='ocrx_word' id='word_1_52' title='bbox 367 989 519 1074; x_wconf 91' lang='lat' dir='ltr'>Tarinum</span> <span class='ocrx_word' id='word_1_53' title='bbox 536 990 646 1054; x_wconf 85' lang='lat' dir='ltr'><strong>edidit.</strong></span> <span class='ocrx_word' id='word_1_54' title='bbox 682 997 703 1029; x_wconf 79' lang='lat'>‘⁶</span> <span class='ocrx_word' id='word_1_55' title='bbox 717 992 782 1054; x_wconf 92' lang='lat' dir='ltr'>Hic</span> <span class='ocrx_word' id='word_1_56' title='bbox 803 991 958 1077; x_wconf 56' lang='lat' dir='ltr'>dpogpbff</span> <span class='ocrx_word' id='word_1_57' title='bbox 973 992 1016 1054; x_wconf 88' lang='lat' dir='ltr'>ait</span> <span class='ocrx_word' id='word_1_58' title='bbox 1035 991 1185 1077; x_wconf 86' lang='lat' dir='ltr'>Vigerus,</span> 
     </span>
     <span class='ocr_line' id='line_1_9' title="bbox 149 1073 1184 1162; baseline 0.003 -24"><span class='ocrx_word' id='word_1_59' title='bbox 149 1081 172 1114; x_wconf 87' lang='lat'><strong>“</strong></span> <span class='ocrx_word' id='word_1_60' title='bbox 186 1097 246 1161; x_wconf 88' lang='lat' dir='ltr'>pro</span> <span class='ocrx_word' id='word_1_61' title='bbox 260 1096 301 1140; x_wconf 89' lang='lat' dir='ltr'>eo</span> <span class='ocrx_word' id='word_1_62' title='bbox 315 1075 399 1139; x_wconf 90' lang='lat' dir='ltr'>sumi</span> <span class='ocrx_word' id='word_1_63' title='bbox 413 1075 559 1155; x_wconf 83' lang='lat' dir='ltr'>arbitror,</span> <span class='ocrx_word' id='word_1_64' title='bbox 573 1073 661 1161; x_wconf 92' lang='lat' dir='ltr'>quod</span> <span class='ocrx_word' id='word_1_65' title='bbox 676 1075 818 1140; x_wconf 89' lang='lat' dir='ltr'>medium</span> <span class='ocrx_word' id='word_1_66' title='bbox 834 1075 931 1162; x_wconf 86' lang='lat' dir='ltr'>vulgo</span> <span class='ocrx_word' id='word_1_67' title='bbox 946 1077 1062 1162; x_wconf 86' lang='lat' dir='ltr'>Logici</span> <span class='ocrx_word' id='word_1_68' title='bbox 1078 1078 1184 1141; x_wconf 90' lang='lat' dir='ltr'>nomi-</span> 
     </span>
     <span class='ocr_line' id='line_1_10' title="bbox 124 1160 1186 1248; baseline 0.003 -24"><span class='ocrx_word' id='word_1_69' title='bbox 124 1186 126 1191; x_wconf 87' lang='lat'><em>·</em></span> <span class='ocrx_word' id='word_1_70' title='bbox 150 1167 172 1241; x_wconf 84' lang='lat'>‘.‘</span> <span class='ocrx_word' id='word_1_71' title='bbox 187 1171 274 1238; x_wconf 87' lang='lat' dir='ltr'>nant,</span> <span class='ocrx_word' id='word_1_72' title='bbox 288 1160 422 1247; x_wconf 86' lang='lat' dir='ltr'>ejusque</span> <span class='ocrx_word' id='word_1_73' title='bbox 436 1175 502 1224; x_wconf 85' lang='lat' dir='ltr'>tam</span> <span class='ocrx_word' id='word_1_74' title='bbox 525 1161 556 1225; x_wconf 93' lang='lat' dir='ltr'>in</span> <span class='ocrx_word' id='word_1_75' title='bbox 581 1161 695 1248; x_wconf 90' lang='lat' dir='ltr'>majori</span> <span class='ocrx_word' id='word_1_76' title='bbox 709 1183 805 1248; x_wconf 90' lang='lat' dir='ltr'>quam</span> <span class='ocrx_word' id='word_1_77' title='bbox 821 1161 853 1224; x_wconf 92' lang='lat' dir='ltr'>in</span> <span class='ocrx_word' id='word_1_78' title='bbox 868 1162 985 1226; x_wconf 91' lang='lat' dir='ltr'>minori</span> <span class='ocrx_word' id='word_1_79' title='bbox 998 1163 1186 1228; x_wconf 88' lang='lat' dir='ltr'>collocatio-</span> 
     </span>
     <span class='ocr_line' id='line_1_11' title="bbox 150 1243 1189 1334; baseline 0.004 -25"><span class='ocrx_word' id='word_1_80' title='bbox 150 1254 171 1285; x_wconf 86' lang='lat'><strong>“</strong></span> <span class='ocrx_word' id='word_1_81' title='bbox 189 1243 283 1310; x_wconf 80' lang='lat' dir='ltr'>nem:</span> <span class='ocrx_word' id='word_1_82' title='bbox 307 1246 477 1334; x_wconf 69' lang='grc' dir='ltr'>παράλογον</span> <span class='ocrx_word' id='word_1_83' title='bbox 492 1259 600 1311; x_wconf 84' lang='lat' dir='ltr'>autem</span> <span class='ocrx_word' id='word_1_84' title='bbox 619 1250 752 1333; x_wconf 74' lang='grc' dir='ltr'>ἀφορμὴν,</span> <span class='ocrx_word' id='word_1_85' title='bbox 768 1247 983 1332; x_wconf 76' lang='lat' dir='ltr'>sophisticam</span> <span class='ocrx_word' id='word_1_86' title='bbox 998 1261 1031 1312; x_wconf 85' lang='lat' dir='ltr'>et</span> <span class='ocrx_word' id='word_1_87' title='bbox 1044 1252 1189 1327; x_wconf 55' lang='grc' dir='ltr'>ἀπατητιι</span> 
     </span>
     <span class='ocr_line' id='line_1_12' title="bbox 150 1332 1185 1420; baseline 0.005 -27"><span class='ocrx_word' id='word_1_88' title='bbox 150 1339 172 1372; x_wconf 86' lang='grc'><strong>“</strong></span> <span class='ocrx_word' id='word_1_89' title='bbox 187 1336 235 1408; x_wconf 76' lang='grc' dir='ltr'>κήν</span> <span class='ocrx_word' id='word_1_90' title='bbox 248 1332 493 1418; x_wconf 85' lang='lat' dir='ltr'>argumentandi</span> <span class='ocrx_word' id='word_1_91' title='bbox 507 1333 676 1412; x_wconf 86' lang='lat' dir='ltr'>rationem,</span> <span class='ocrx_word' id='word_1_92' title='bbox 691 1354 755 1418; x_wconf 86' lang='lat' dir='ltr'>qua</span> <span class='ocrx_word' id='word_1_93' title='bbox 778 1333 849 1418; x_wconf 92' lang='lat' dir='ltr'>quis</span> <span class='ocrx_word' id='word_1_94' title='bbox 871 1333 958 1398; x_wconf 93' lang='lat' dir='ltr'>velut</span> <span class='ocrx_word' id='word_1_95' title='bbox 977 1339 1085 1420; x_wconf 73' lang='grc' dir='ltr'>ἀφορμῇ</span> <span class='ocrx_word' id='word_1_96' title='bbox 1103 1353 1185 1420; x_wconf 73' lang='lat' dir='ltr'>qua-</span> 
     </span>
     <span class='ocr_line' id='line_1_13' title="bbox 149 1416 1190 1496; baseline 0.003 -15"><span class='ocrx_word' id='word_1_97' title='bbox 149 1425 171 1458; x_wconf 86' lang='lat'><strong>“</strong></span> <span class='ocrx_word' id='word_1_98' title='bbox 186 1416 273 1496; x_wconf 89' lang='lat' dir='ltr'>darn,</span> <span class='ocrx_word' id='word_1_99' title='bbox 288 1418 328 1482; x_wconf 88' lang='lat' dir='ltr'>ad</span> <span class='ocrx_word' id='word_1_100' title='bbox 343 1417 467 1483; x_wconf 79' lang='lat' dir='ltr'>facilius</span> <span class='ocrx_word' id='word_1_101' title='bbox 481 1417 616 1483; x_wconf 88' lang='lat' dir='ltr'>alterum</span> <span class='ocrx_word' id='word_1_102' title='bbox 631 1419 664 1483; x_wconf 90' lang='lat' dir='ltr'>in</span> <span class='ocrx_word' id='word_1_103' title='bbox 681 1440 823 1482; x_wconf 90' lang='lat' dir='ltr'>errorem</span> <span class='ocrx_word' id='word_1_104' title='bbox 839 1418 1190 1493; x_wconf 52' lang='lat' dir='ltr'>inducendumabua</span> 
     </span>
     <span class='ocr_line' id='line_1_14' title="bbox 149 1504 1265 1591; baseline -0.001 -25"><span class='ocrx_word' id='word_1_105' title='bbox 149 1511 172 1544; x_wconf 87' lang='lat'><strong>“</strong></span> <span class='ocrx_word' id='word_1_106' title='bbox 187 1516 249 1568; x_wconf 91' lang='lat' dir='ltr'>tur.</span> <span class='ocrx_word' id='word_1_107' title='bbox 272 1504 392 1591; x_wconf 78' lang='lat' dir='ltr'><strong>Quales</strong></span> <span class='ocrx_word' id='word_1_108' title='bbox 406 1508 532 1588; x_wconf 71' lang='grc' dir='ltr'>ἀφορμὰς</span> <span class='ocrx_word' id='word_1_109' title='bbox 545 1504 701 1569; x_wconf 85' lang='lat' dir='ltr'>Socratici</span> <span class='ocrx_word' id='word_1_110' title='bbox 716 1520 844 1590; x_wconf 90' lang='lat' dir='ltr'>captare</span> <span class='ocrx_word' id='word_1_111' title='bbox 858 1504 1083 1569; x_wconf 49' lang='lat' dir='ltr'>videbanturss’*</span> <span class='ocrx_word' id='word_1_112' title='bbox 1101 1506 1186 1576; x_wconf 86' lang='lat' dir='ltr'>Haec</span> <span class='ocrx_word' id='word_1_113' title='bbox 1261 1558 1265 1565; x_wconf 90' lang='lat'><strong>.</strong></span> 
     </span>
     <span class='ocr_line' id='line_1_15' title="bbox 149 1589 1188 1677; baseline -0.002 -22"><span class='ocrx_word' id='word_1_114' title='bbox 149 1589 301 1675; x_wconf 83' lang='lat' dir='ltr'>Vigerus,</span> <span class='ocrx_word' id='word_1_115' title='bbox 322 1589 378 1654; x_wconf 87' lang='lat' dir='ltr'>sed</span> <span class='ocrx_word' id='word_1_116' title='bbox 402 1589 600 1655; x_wconf 85' lang='lat' dir='ltr'>desideratur</span> <span class='ocrx_word' id='word_1_117' title='bbox 622 1589 721 1676; x_wconf 76' lang='lat' dir='ltr'>hujus</span> <span class='ocrx_word' id='word_1_118' title='bbox 742 1613 819 1654; x_wconf 88' lang='lat' dir='ltr'>uaus</span> <span class='ocrx_word' id='word_1_119' title='bbox 843 1591 929 1657; x_wconf 86' lang='lat' dir='ltr'>vocis</span> <span class='ocrx_word' id='word_1_120' title='bbox 951 1594 1060 1677; x_wconf 67' lang='lat' dir='ltr'>tareni</span> <span class='ocrx_word' id='word_1_121' title='bbox 1078 1613 1188 1665; x_wconf 81' lang='lat' dir='ltr'>exam-</span> 
     </span>
     <span class='ocr_line' id='line_1_16' title="bbox 149 1673 1186 1824; baseline 0.003 -86"><span class='ocrx_word' id='word_1_122' title='bbox 149 1673 253 1824; x_wconf 86' lang='lat' dir='ltr'>plum.</span> <span class='ocrx_word' id='word_1_123' title='bbox 286 1678 329 1740; x_wconf 92' lang='lat' dir='ltr'>Et</span> <span class='ocrx_word' id='word_1_124' title='bbox 343 1674 529 1740; x_wconf 82' lang='lat' dir='ltr'>Plilacalioe</span> <span class='ocrx_word' id='word_1_125' title='bbox 542 1677 746 1762; x_wconf 84' lang='lat' dir='ltr'>interpretem</span> <span class='ocrx_word' id='word_1_126' title='bbox 763 1675 916 1741; x_wconf 85' lang='lat' dir='ltr'>Tarinum</span> <span class='ocrx_word' id='word_1_127' title='bbox 931 1675 963 1739; x_wconf 92' lang='lat' dir='ltr'>in</span> <span class='ocrx_word' id='word_1_128' title='bbox 979 1676 1041 1740; x_wconf 90' lang='lat' dir='ltr'>hoc</span> <span class='ocrx_word' id='word_1_129' title='bbox 1054 1676 1186 1776; x_wconf 75' lang='lat' dir='ltr'>quidem</span> 
     </span>
     <span class='ocr_line' id='line_1_17' title="bbox 162 1759 1291 1848; baseline 0.003 -24"><span class='ocrx_word' id='word_1_130' title='bbox 162 1782 224 1824; x_wconf 92' lang='lat' dir='ltr'>oco</span> <span class='ocrx_word' id='word_1_131' title='bbox 238 1759 390 1825; x_wconf 88' lang='lat' dir='ltr'>vertendo</span> <span class='ocrx_word' id='word_1_132' title='bbox 405 1761 509 1847; x_wconf 84' lang='lat' dir='ltr'>magis</span> <span class='ocrx_word' id='word_1_133' title='bbox 525 1760 721 1848; x_wconf 85' lang='lat' dir='ltr'>sequendum</span> <span class='ocrx_word' id='word_1_134' title='bbox 736 1775 829 1848; x_wconf 88' lang='lat' dir='ltr'>puto,</span> <span class='ocrx_word' id='word_1_135' title='bbox 838 1763 940 1826; x_wconf 89' lang='lat' dir='ltr'>verbis</span> <span class='ocrx_word' id='word_1_136' title='bbox 955 1763 995 1825; x_wconf 90' lang='lat' dir='ltr'>ab</span> <span class='ocrx_word' id='word_1_137' title='bbox 1009 1783 1050 1826; x_wconf 89' lang='lat' dir='ltr'>eo</span> <span class='ocrx_word' id='word_1_138' title='bbox 1064 1776 1109 1826; x_wconf 78' lang='lat' dir='ltr'>ita</span> <span class='ocrx_word' id='word_1_139' title='bbox 1122 1765 1188 1827; x_wconf 87' lang='lat' dir='ltr'>La-</span> <span class='ocrx_word' id='word_1_140' title='bbox 1289 1805 1291 1810; x_wconf 83' lang='lat'><strong>.</strong></span> 
     </span>
     <span class='ocr_line' id='line_1_18' title="bbox 149 1845 1187 1944; baseline 0.003 -35"><span class='ocrx_word' id='word_1_141' title='bbox 149 1846 217 1910; x_wconf 89' lang='lat' dir='ltr'>tine</span> <span class='ocrx_word' id='word_1_142' title='bbox 230 1845 373 1924; x_wconf 85' lang='lat' dir='ltr'>redditis,</span> <span class='ocrx_word' id='word_1_143' title='bbox 388 1847 445 1911; x_wconf 78' lang='lat' dir='ltr'>etri</span> <span class='ocrx_word' id='word_1_144' title='bbox 458 1847 540 1911; x_wconf 82' lang='lat' dir='ltr'>enini</span> <span class='ocrx_word' id='word_1_145' title='bbox 561 1846 615 1944; x_wconf 81' lang='lat' dir='ltr'>qui</span> <span class='ocrx_word' id='word_1_146' title='bbox 637 1847 764 1934; x_wconf 70' lang='lat' dir='ltr'>quaerit,</span> <span class='ocrx_word' id='word_1_147' title='bbox 780 1870 845 1911; x_wconf 87' lang='lat' dir='ltr'>rem</span> <span class='ocrx_word' id='word_1_148' title='bbox 869 1845 972 1925; x_wconf 88' lang='lat' dir='ltr'>aliter,</span> <span class='ocrx_word' id='word_1_149' title='bbox 988 1870 1025 1910; x_wconf 87' lang='lat' dir='ltr'>ae</span> <span class='ocrx_word' id='word_1_150' title='bbox 1045 1864 1107 1932; x_wconf 84' lang='lat' dir='ltr'>par</span> <span class='ocrx_word' id='word_1_151' title='bbox 1130 1858 1187 1928; x_wconf 87' lang='lat' dir='ltr'>est,</span> 
     </span>
     <span class='ocr_line' id='line_1_19' title="bbox 150 1931 1188 2019; baseline 0.003 -24"><span class='ocrx_word' id='word_1_152' title='bbox 150 1931 315 2018; x_wconf 78' lang='lat' dir='ltr'>definierit,</span> <span class='ocrx_word' id='word_1_153' title='bbox 330 1931 460 2018; x_wconf 81' lang='lat' dir='ltr'>indeque</span> <span class='ocrx_word' id='word_1_154' title='bbox 474 1932 568 1995; x_wconf 83' lang='lat' dir='ltr'>alteri</span> <span class='ocrx_word' id='word_1_155' title='bbox 583 1955 692 1997; x_wconf 80' lang='lat' dir='ltr'>ansam</span> <span class='ocrx_word' id='word_1_156' title='bbox 708 1932 879 2017; x_wconf 75' lang='lat' dir='ltr'>praebuerit</span> <span class='ocrx_word' id='word_1_157' title='bbox 896 1932 1051 2019; x_wconf 79' lang='lat' dir='ltr'>quodlibet</span> <span class='ocrx_word' id='word_1_158' title='bbox 1067 1934 1188 1998; x_wconf 86' lang='lat' dir='ltr'>concla-</span> 
     </span>
     <span class='ocr_line' id='line_1_20' title="bbox 149 2016 1188 2102; baseline 0.002 -20"><span class='ocrx_word' id='word_1_159' title='bbox 149 2017 252 2096; x_wconf 87' lang='lat' dir='ltr'>dendi,</span> <span class='ocrx_word' id='word_1_160' title='bbox 267 2040 328 2082; x_wconf 89' lang='lat' dir='ltr'>non</span> <span class='ocrx_word' id='word_1_161' title='bbox 341 2017 451 2082; x_wconf 78' lang='lat' dir='ltr'>ideirco</span> <span class='ocrx_word' id='word_1_162' title='bbox 466 2017 603 2082; x_wconf 80' lang='lat' dir='ltr'>auditori</span> <span class='ocrx_word' id='word_1_163' title='bbox 614 2016 821 2102; x_wconf 76' lang='lat' dir='ltr'>persuadebit.</span> <span class='ocrx_word' id='word_1_164' title='bbox 857 2019 1014 2084; x_wconf 86' lang='lat' dir='ltr'>Scribitur</span> <span class='ocrx_word' id='word_1_165' title='bbox 1030 2034 1140 2085; x_wconf 89' lang='lat' dir='ltr'>autem</span> <span class='ocrx_word' id='word_1_166' title='bbox 1156 2021 1188 2084; x_wconf 90' lang='lat' dir='ltr'>in</span> 
     </span>
     <span class='ocr_line' id='line_1_21' title="bbox 150 2102 1247 2202; baseline 0.003 -35"><span class='ocrx_word' id='word_1_167' title='bbox 150 2102 303 2168; x_wconf 83' lang='lat' dir='ltr'>Pllllocal.</span> <span class='ocrx_word' id='word_1_168' title='bbox 317 2103 405 2202; x_wconf 65' lang='lat' dir='ltr'>vairp</span> <span class='ocrx_word' id='word_1_169' title='bbox 421 2131 449 2167; x_wconf 87' lang='grc' dir='ltr'>κ.</span> <span class='ocrx_word' id='word_1_170' title='bbox 465 2131 493 2166; x_wconf 88' lang='grc' dir='ltr'>τ.</span> <span class='ocrx_word' id='word_1_171' title='bbox 510 2108 541 2167; x_wconf 85' lang='lat' dir='ltr'>ai.</span> <span class='ocrx_word' id='word_1_172' title='bbox 555 2103 649 2194; x_wconf 66' lang='lat' dir='ltr'>malou</span> <span class='ocrx_word' id='word_1_173' title='bbox 669 2110 837 2190; x_wconf 72' lang='lat' dir='ltr'>proterite.</span> <span class='ocrx_word' id='word_1_174' title='bbox 858 2125 968 2170; x_wconf 80' lang='lat' dir='ltr'>verum</span> <span class='ocrx_word' id='word_1_175' title='bbox 982 2104 1073 2170; x_wconf 78' lang='lat' dir='ltr'>aliter</span> <span class='ocrx_word' id='word_1_176' title='bbox 1088 2106 1194 2190; x_wconf 81' lang='lat' dir='ltr'>ejusd..</span> <span class='ocrx_word' id='word_1_177' title='bbox 1242 2172 1247 2184; x_wconf 63' lang='lat'>,</span> 
     </span>
     <span class='ocr_line' id='line_1_22' title="bbox 150 2187 1192 2254; baseline -0.002 0"><span class='ocrx_word' id='word_1_178' title='bbox 150 2189 227 2254; x_wconf 85' lang='lat' dir='ltr'>MS.</span> <span class='ocrx_word' id='word_1_179' title='bbox 246 2187 325 2254; x_wconf 88' lang='lat' dir='ltr'>Call.</span> <span class='ocrx_word' id='word_1_180' title='bbox 341 2189 428 2254; x_wconf 84' lang='lat' dir='ltr'>Trtn.</span> <span class='ocrx_word' id='word_1_181' title='bbox 448 2190 539 2253; x_wconf 85' lang='lat' dir='ltr'>Cant.</span> <span class='ocrx_word' id='word_1_182' title='bbox 652 2210 654 2214; x_wconf 86' lang='lat'>·</span> <span class='ocrx_word' id='word_1_183' title='bbox 1187 2222 1192 2231; x_wconf 91' lang='lat'>·</span> 
     </span>
    </p>

    <p class='ocr_par' dir='ltr' id='par_1_3' title="bbox 149 2272 1195 3073">
     <span class='ocr_line' id='line_1_23' title="bbox 195 2272 1188 2360; baseline 0.003 -21"><span class='ocrx_word' id='word_1_184' title='bbox 195 2277 229 2340; x_wconf 86' lang='lat' dir='ltr'>P.</span> <span class='ocrx_word' id='word_1_185' title='bbox 241 2287 312 2340; x_wconf 91' lang='lat'><strong>444.</strong></span> <span class='ocrx_word' id='word_1_186' title='bbox 327 2273 350 2338; x_wconf 87' lang='lat' dir='ltr'>l.</span> <span class='ocrx_word' id='word_1_187' title='bbox 366 2290 394 2340; x_wconf 93' lang='lat'>1.</span> <span class='ocrx_word' id='word_1_188' title='bbox 417 2278 484 2341; x_wconf 77' lang='grc' dir='ltr'>ἀλλ’</span> <span class='ocrx_word' id='word_1_189' title='bbox 507 2272 533 2336; x_wconf 73' lang='lat' dir='ltr'>el</span> <span class='ocrx_word' id='word_1_190' title='bbox 548 2301 576 2338; x_wconf 81' lang='grc' dir='ltr'>τι</span> <span class='ocrx_word' id='word_1_191' title='bbox 601 2275 674 2338; x_wconf 76' lang='grc' dir='ltr'>δοκεῖ</span> <span class='ocrx_word' id='word_1_192' title='bbox 688 2273 761 2360; x_wconf 71' lang='lat' dir='ltr'>lic]</span> <span class='ocrx_word' id='word_1_193' title='bbox 780 2274 868 2339; x_wconf 88' lang='lat' dir='ltr'>Ante</span> <span class='ocrx_word' id='word_1_194' title='bbox 888 2279 968 2339; x_wconf 72' lang='grc' dir='ltr'>ἀλλὰ</span> <span class='ocrx_word' id='word_1_195' title='bbox 986 2275 1103 2341; x_wconf 91' lang='lat' dir='ltr'>minori</span> <span class='ocrx_word' id='word_1_196' title='bbox 1117 2290 1188 2342; x_wconf 81' lang='lat' dir='ltr'>tan·</span> 
     </span>
     <span class='ocr_line' id='line_1_24' title="bbox 150 2358 1187 2446; baseline 0.003 -21"><span class='ocrx_word' id='word_1_197' title='bbox 150 2375 220 2426; x_wconf 88' lang='lat' dir='ltr'>tum</span> <span class='ocrx_word' id='word_1_198' title='bbox 244 2361 449 2426; x_wconf 86' lang='lat' dir='ltr'>distinctione</span> <span class='ocrx_word' id='word_1_199' title='bbox 473 2382 556 2446; x_wconf 83' lang='lat' dir='ltr'>opus</span> <span class='ocrx_word' id='word_1_200' title='bbox 577 2373 646 2424; x_wconf 84' lang='lat' dir='ltr'>eat:</span> <span class='ocrx_word' id='word_1_201' title='bbox 667 2381 727 2446; x_wconf 90' lang='lat' dir='ltr'>pro</span> <span class='ocrx_word' id='word_1_202' title='bbox 743 2358 768 2423; x_wconf 75' lang='grc' dir='ltr'>εἴ</span> <span class='ocrx_word' id='word_1_203' title='bbox 785 2387 812 2424; x_wconf 80' lang='grc' dir='ltr'>τι</span> <span class='ocrx_word' id='word_1_204' title='bbox 832 2381 919 2439; x_wconf 80' lang='lat' dir='ltr'>nero,</span> <span class='ocrx_word' id='word_1_205' title='bbox 932 2360 1042 2424; x_wconf 91' lang='lat' dir='ltr'>malim</span> <span class='ocrx_word' id='word_1_206' title='bbox 1058 2368 1092 2441; x_wconf 79' lang='grc' dir='ltr'>εἰ,</span> <span class='ocrx_word' id='word_1_207' title='bbox 1108 2362 1132 2442; x_wconf 79' lang='lat' dir='ltr'>l,</span> <span class='ocrx_word' id='word_1_208' title='bbox 1146 2390 1187 2429; x_wconf 83' lang='lat' dir='ltr'>n.</span> 
     </span>
     <span class='ocr_line' id='line_1_25' title="bbox 150 2445 1189 2532; baseline 0.001 -19"><span class='ocrx_word' id='word_1_209' title='bbox 150 2447 341 2513; x_wconf 79' lang='lat' dir='ltr'>Vlonaus.</span> <span class='ocrx_word' id='word_1_210' title='bbox 372 2445 606 2532; x_wconf 85' lang='lat' dir='ltr'>Amplectenda</span> <span class='ocrx_word' id='word_1_211' title='bbox 620 2462 670 2510; x_wconf 91' lang='lat' dir='ltr'>est</span> <span class='ocrx_word' id='word_1_212' title='bbox 684 2446 867 2510; x_wconf 88' lang='lat' dir='ltr'>emendatio</span> <span class='ocrx_word' id='word_1_213' title='bbox 880 2446 1004 2530; x_wconf 87' lang='lat' dir='ltr'>Vigeri.</span> <span class='ocrx_word' id='word_1_214' title='bbox 1034 2445 1189 2515; x_wconf 80' lang='lat' dir='ltr'>Clausala</span> 
     </span>
     <span class='ocr_line' id='line_1_26' title="bbox 150 2528 1195 2622; baseline -0.005 -24"><span class='ocrx_word' id='word_1_215' title='bbox 150 2547 258 2598; x_wconf 88' lang='lat' dir='ltr'>autem</span> <span class='ocrx_word' id='word_1_216' title='bbox 273 2532 438 2596; x_wconf 83' lang='lat' dir='ltr'>sententiae</span> <span class='ocrx_word' id='word_1_217' title='bbox 453 2533 486 2597; x_wconf 91' lang='lat' dir='ltr'>in</span> <span class='ocrx_word' id='word_1_218' title='bbox 502 2528 677 2596; x_wconf 79' lang='lat' dir='ltr'>Plriloealia</span> <span class='ocrx_word' id='word_1_219' title='bbox 692 2532 737 2596; x_wconf 89' lang='lat' dir='ltr'>sic</span> <span class='ocrx_word' id='word_1_220' title='bbox 753 2531 880 2616; x_wconf 85' lang='lat' dir='ltr'>legitur.</span> <span class='ocrx_word' id='word_1_221' title='bbox 895 2539 975 2595; x_wconf 76' lang='grc' dir='ltr'><strong>τοῦτο</strong></span> <span class='ocrx_word' id='word_1_222' title='bbox 988 2530 1059 2610; x_wconf 76' lang='grc' dir='ltr'>λέξει</span> <span class='ocrx_word' id='word_1_223' title='bbox 1075 2534 1195 2622; x_wconf 55' lang='grc' dir='ltr'>παρών..</span> 
     </span>
     <span class='ocr_line' id='line_1_27' title="bbox 149 2617 1187 2765; baseline 0.003 -84"><span class='ocrx_word' id='word_1_224' title='bbox 149 2620 219 2683; x_wconf 81' lang='grc' dir='ltr'><strong><em>δυοῖν</em></strong></span> <span class='ocrx_word' id='word_1_225' title='bbox 232 2621 290 2704; x_wconf 77' lang='grc' dir='ltr'>γὰρ</span> <span class='ocrx_word' id='word_1_226' title='bbox 302 2619 418 2704; x_wconf 68' lang='grc' dir='ltr'>θάτερον</span> <span class='ocrx_word' id='word_1_227' title='bbox 432 2617 501 2698; x_wconf 59' lang='lat' dir='ltr'>im.</span> <span class='ocrx_word' id='word_1_228' title='bbox 536 2617 650 2704; x_wconf 86' lang='lat' dir='ltr'>Ejusd.</span> <span class='ocrx_word' id='word_1_229' title='bbox 667 2638 764 2765; x_wconf 74' lang='lat' dir='ltr'>porro</span> <span class='ocrx_word' id='word_1_230' title='bbox 786 2617 844 2697; x_wconf 81' lang='lat' dir='ltr'>duo</span> <span class='ocrx_word' id='word_1_231' title='bbox 866 2617 951 2681; x_wconf 87' lang='lat' dir='ltr'>codd.</span> <span class='ocrx_word' id='word_1_232' title='bbox 972 2632 1069 2702; x_wconf 82' lang='lat' dir='ltr'>penes</span> <span class='ocrx_word' id='word_1_233' title='bbox 1083 2619 1187 2685; x_wconf 79' lang='lat' dir='ltr'>Titna-</span> 
     </span>
     <span class='ocr_line' id='line_1_28' title="bbox 149 2701 1187 2788; baseline 0 -18"><span class='ocrx_word' id='word_1_234' title='bbox 149 2726 235 2783; x_wconf 85' lang='lat' dir='ltr'>nurn‚</span> <span class='ocrx_word' id='word_1_235' title='bbox 249 2704 368 2768; x_wconf 88' lang='lat' dir='ltr'>Tarino</span> <span class='ocrx_word' id='word_1_236' title='bbox 387 2717 480 2782; x_wconf 86' lang='lat' dir='ltr'>teste,</span> <span class='ocrx_word' id='word_1_237' title='bbox 494 2725 553 2788; x_wconf 91' lang='lat' dir='ltr'>pro</span> <span class='ocrx_word' id='word_1_238' title='bbox 573 2703 645 2782; x_wconf 70' lang='grc' dir='ltr'>λέξει</span> <span class='ocrx_word' id='word_1_239' title='bbox 690 2703 830 2767; x_wconf 87' lang='lat' dir='ltr'>abebant</span> <span class='ocrx_word' id='word_1_240' title='bbox 850 2701 938 2781; x_wconf 66' lang='grc' dir='ltr'>δείξει,</span> <span class='ocrx_word' id='word_1_241' title='bbox 954 2702 1041 2788; x_wconf 92' lang='lat' dir='ltr'>quod</span> <span class='ocrx_word' id='word_1_242' title='bbox 1080 2704 1187 2770; x_wconf 89' lang='lat' dir='ltr'>uidem</span> 
     </span>
     <span class='ocr_line' id='line_1_29' title="bbox 149 2727 1189 2873; baseline 0.001 -19"><span class='ocrx_word' id='word_1_243' title='bbox 149 2789 280 2854; x_wconf 89' lang='lat' dir='ltr'>verbum</span> <span class='ocrx_word' id='word_1_244' title='bbox 294 2788 422 2873; x_wconf 79' lang='lat' dir='ltr'>additur</span> <span class='ocrx_word' id='word_1_245' title='bbox 436 2789 469 2852; x_wconf 93' lang='lat' dir='ltr'>in</span> <span class='ocrx_word' id='word_1_246' title='bbox 486 2788 560 2853; x_wconf 84' lang='lat' dir='ltr'>Cod.</span> <span class='ocrx_word' id='word_1_247' title='bbox 576 2787 653 2852; x_wconf 83' lang='lat' dir='ltr'>MS.</span> <span class='ocrx_word' id='word_1_248' title='bbox 672 2787 752 2852; x_wconf 86' lang='lat' dir='ltr'>Call.</span> <span class='ocrx_word' id='word_1_249' title='bbox 768 2787 854 2853; x_wconf 80' lang='lat' dir='ltr'>Trin.</span> <span class='ocrx_word' id='word_1_250' title='bbox 871 2789 961 2852; x_wconf 86' lang='lat' dir='ltr'>Cant.</span> <span class='ocrx_word' id='word_1_251' title='bbox 998 2727 1119 2855; x_wconf 74' lang='lat' dir='ltr'>Dedcit</span> <span class='ocrx_word' id='word_1_252' title='bbox 1131 2813 1189 2863; x_wconf 81' lang='lat' dir='ltr'>au·</span> 
     </span>
     <span class='ocr_line' id='line_1_30' title="bbox 150 2871 1188 2962; baseline 0.002 -23"><span class='ocrx_word' id='word_1_253' title='bbox 150 2890 217 2940; x_wconf 92' lang='lat' dir='ltr'>tem</span> <span class='ocrx_word' id='word_1_254' title='bbox 233 2874 317 2940; x_wconf 89' lang='lat' dir='ltr'>inter</span> <span class='ocrx_word' id='word_1_255' title='bbox 331 2874 401 2940; x_wconf 86' lang='lat' dir='ltr'>haec</span> <span class='ocrx_word' id='word_1_256' title='bbox 415 2875 508 2939; x_wconf 90' lang='lat' dir='ltr'>nobis</span> <span class='ocrx_word' id='word_1_257' title='bbox 523 2897 587 2938; x_wconf 96' lang='lat' dir='ltr'>non</span> <span class='ocrx_word' id='word_1_258' title='bbox 601 2871 757 2938; x_wconf 74' lang='lat' dir='ltr'>Dialoour</span> <span class='ocrx_word' id='word_1_259' title='bbox 772 2886 897 2939; x_wconf 91' lang='lat' dir='ltr'>tantum</span> <span class='ocrx_word' id='word_1_260' title='bbox 913 2873 970 2938; x_wconf 87' lang='lat' dir='ltr'>sed</span> <span class='ocrx_word' id='word_1_261' title='bbox 985 2887 1019 2938; x_wconf 87' lang='lat' dir='ltr'>et</span> <span class='ocrx_word' id='word_1_262' title='bbox 1030 2875 1188 2962; x_wconf 78' lang='lat' dir='ltr'>Methodii</span> 
     </span>
     <span class='ocr_line' id='line_1_31' title="bbox 150 2959 837 3073; baseline -0.004 -48"><span class='ocrx_word' id='word_1_263' title='bbox 150 2961 255 3026; x_wconf 81' lang='lat' dir='ltr'>Eacer</span> <span class='ocrx_word' id='word_1_264' title='bbox 278 2972 348 3039; x_wconf 87' lang='lat' dir='ltr'>tor,·</span> <span class='ocrx_word' id='word_1_265' title='bbox 370 2959 459 3073; x_wconf 62' lang='lat' dir='ltr'>puod</span> <span class='ocrx_word' id='word_1_266' title='bbox 472 2960 564 3025; x_wconf 84' lang='lat' dir='ltr'>valde</span> <span class='ocrx_word' id='word_1_267' title='bbox 579 2959 683 3024; x_wconf 89' lang='lat' dir='ltr'>deflcn</span> <span class='ocrx_word' id='word_1_268' title='bbox 707 2982 764 3023; x_wconf 93' lang='lat' dir='ltr'>um</span> <span class='ocrx_word' id='word_1_269' title='bbox 777 2972 837 3023; x_wconf 85' lang='lat' dir='ltr'>est.</span> 
     </span>
    </p>

    <p class='ocr_par' dir='ltr' id='par_1_4' title="bbox 150 2975 1260 3388">
     <span class='ocr_line' id='line_1_32' title="bbox 194 2975 1188 3134; baseline 0.002 -25"><span class='ocrx_word' id='word_1_270' title='bbox 194 2975 277 3111; x_wconf 68' lang='lat' dir='ltr'>Ibii.</span> <span class='ocrx_word' id='word_1_271' title='bbox 293 3046 315 3111; x_wconf 87' lang='lat' dir='ltr'>l.</span> <span class='ocrx_word' id='word_1_272' title='bbox 324 3061 355 3110; x_wconf 87' lang='grc'>3.</span> <span class='ocrx_word' id='word_1_273' title='bbox 376 3074 391 3124; x_wconf 75' lang='grc' dir='ltr'><em>η</em></span> <span class='ocrx_word' id='word_1_274' title='bbox 404 3048 463 3134; x_wconf 68' lang='grc' dir='ltr'>γὰρ</span> <span class='ocrx_word' id='word_1_275' title='bbox 474 3049 538 3133; x_wconf 77' lang='grc' dir='ltr'>πρὸς</span> <span class='ocrx_word' id='word_1_276' title='bbox 548 3045 562 3109; x_wconf 79' lang='lat' dir='ltr'>‘l</span> <span class='ocrx_word' id='word_1_277' title='bbox 574 3050 697 3121; x_wconf 66' lang='lat' dir='ltr'>ainriliai</span> <span class='ocrx_word' id='word_1_278' title='bbox 708 3047 781 3108; x_wconf 74' lang='grc' dir='ltr'>δοκεῖ</span> <span class='ocrx_word' id='word_1_279' title='bbox 793 3046 865 3129; x_wconf 85' lang='lat' dir='ltr'>&amp;c.]</span> <span class='ocrx_word' id='word_1_280' title='bbox 881 3046 992 3109; x_wconf 83' lang='lat' dir='ltr'>Habet</span> <span class='ocrx_word' id='word_1_281' title='bbox 1014 3046 1022 3068; x_wconf 70' lang='grc'><strong>“</strong></span> <span class='ocrx_word' id='word_1_282' title='bbox 1038 3058 1112 3112; x_wconf 86' lang='lat' dir='ltr'>ante</span> <span class='ocrx_word' id='word_1_283' title='bbox 1123 3050 1188 3132; x_wconf 76' lang='grc' dir='ltr'>πρὸς</span> 
     </span>
     <span class='ocr_line' id='line_1_33' title="bbox 150 3072 1194 3218; baseline 0 -21"><span class='ocrx_word' id='word_1_284' title='bbox 150 3130 336 3197; x_wconf 81' lang='lat' dir='ltr'>Pltilocalia.</span> <span class='ocrx_word' id='word_1_285' title='bbox 383 3131 483 3196; x_wconf 90' lang='lat' dir='ltr'>Haud</span> <span class='ocrx_word' id='word_1_286' title='bbox 506 3127 724 3196; x_wconf 88' lang='lat' dir='ltr'>incommode.</span> <span class='ocrx_word' id='word_1_287' title='bbox 777 3131 842 3194; x_wconf 89' lang='lat' dir='ltr'>Sed</span> <span class='ocrx_word' id='word_1_288' title='bbox 864 3072 1082 3215; x_wconf 78' lang='lat' dir='ltr'>reponeniium</span> <span class='ocrx_word' id='word_1_289' title='bbox 1106 3148 1194 3218; x_wconf 88' lang='lat' dir='ltr'>puto</span> 
     </span>
     <span class='ocr_line' id='line_1_34' title="bbox 173 3217 1260 3313; baseline -0.001 -32"><span class='ocrx_word' id='word_1_290' title='bbox 173 3231 282 3304; x_wconf 89' lang='lat' dir='ltr'>ropter</span> <span class='ocrx_word' id='word_1_291' title='bbox 303 3217 358 3282; x_wconf 83' lang='lat' dir='ltr'>illa</span> <span class='ocrx_word' id='word_1_292' title='bbox 376 3217 417 3281; x_wconf 84' lang='lat' dir='ltr'>ad</span> <span class='ocrx_word' id='word_1_293' title='bbox 438 3217 460 3281; x_wconf 89' lang='lat' dir='ltr'>l.</span> <span class='ocrx_word' id='word_1_294' title='bbox 481 3233 527 3280; x_wconf 82' lang='lat'>15.</span> <span class='ocrx_word' id='word_1_295' title='bbox 546 3217 717 3303; x_wconf 87' lang='lat' dir='ltr'>superioris</span> <span class='ocrx_word' id='word_1_296' title='bbox 740 3237 815 3313; x_wconf 83' lang='lat' dir='ltr'>pag.</span> <span class='ocrx_word' id='word_1_297' title='bbox 837 3219 1002 3301; x_wconf 72' lang='grc' dir='ltr'><strong><em>ωροσξητῶν</em></strong></span> <span class='ocrx_word' id='word_1_298' title='bbox 1021 3238 1081 3301; x_wconf 88' lang='lat' dir='ltr'>pro</span> <span class='ocrx_word' id='word_1_299' title='bbox 1102 3219 1188 3303; x_wconf 69' lang='grc' dir='ltr'>πρὸς,</span> <span class='ocrx_word' id='word_1_300' title='bbox 1258 3262 1260 3267; x_wconf 35' lang='lat' dir='ltr'>s</span> 
     </span>
     <span class='ocr_line' id='line_1_35' title="bbox 150 3238 1188 3388; baseline 0 -22"><span class='ocrx_word' id='word_1_301' title='bbox 150 3238 214 3368; x_wconf 70' lang='lat' dir='ltr'>boc</span> <span class='ocrx_word' id='word_1_302' title='bbox 229 3325 336 3380; x_wconf 82' lang='lat' dir='ltr'>sensu,</span> <span class='ocrx_word' id='word_1_303' title='bbox 352 3313 407 3366; x_wconf 90' lang='lat' dir='ltr'>aut</span> <span class='ocrx_word' id='word_1_304' title='bbox 422 3302 504 3366; x_wconf 81' lang='lat' dir='ltr'>enini</span> <span class='ocrx_word' id='word_1_305' title='bbox 523 3325 591 3366; x_wconf 82' lang='lat' dir='ltr'>enni</span> <span class='ocrx_word' id='word_1_306' title='bbox 606 3300 703 3366; x_wconf 85' lang='lat' dir='ltr'>altero</span> <span class='ocrx_word' id='word_1_307' title='bbox 717 3301 868 3365; x_wconf 77' lang='lat' dir='ltr'>disserens</span> <span class='ocrx_word' id='word_1_308' title='bbox 881 3299 990 3364; x_wconf 87' lang='lat' dir='ltr'>andita</span> <span class='ocrx_word' id='word_1_309' title='bbox 1006 3301 1188 3388; x_wconf 75' lang='lat' dir='ltr'>quaestione,</span> 
     </span>
    </p>
   </div>
   <div class='ocr_carea' id='block_1_3' title="bbox 149 3384 1193 3732">
    <p class='ocr_par' dir='ltr' id='par_1_5' title="bbox 149 3384 1193 3732">
     <span class='ocr_line' id='line_1_36' title="bbox 172 3384 1188 3475; baseline 0.001 -23"><span class='ocrx_word' id='word_1_310' title='bbox 172 3411 225 3452; x_wconf 85' lang='lat' dir='ltr'>noe</span> <span class='ocrx_word' id='word_1_311' title='bbox 244 3387 369 3475; x_wconf 87' lang='lat' dir='ltr'>agitata</span> <span class='ocrx_word' id='word_1_312' title='bbox 384 3399 441 3468; x_wconf 81' lang='lat' dir='ltr'>eet,</span> <span class='ocrx_word' id='word_1_313' title='bbox 454 3387 626 3451; x_wconf 79' lang='lat' dir='ltr'>niaximum</span> <span class='ocrx_word' id='word_1_314' title='bbox 646 3386 767 3451; x_wconf 76' lang='lat' dir='ltr'>dolebit</span> <span class='ocrx_word' id='word_1_315' title='bbox 788 3384 973 3473; x_wconf 79' lang='lat' dir='ltr'>heneficium.</span> <span class='ocrx_word' id='word_1_316' title='bbox 1014 3387 1188 3475; x_wconf 89' lang='lat' dir='ltr'>Olympio·</span> 
     </span>
     <span class='ocr_line' id='line_1_37' title="bbox 150 3411 1185 3560; baseline 0.001 -21"><span class='ocrx_word' id='word_1_317' title='bbox 150 3411 248 3539; x_wconf 71' lang='lat' dir='ltr'>dorus</span> <span class='ocrx_word' id='word_1_318' title='bbox 264 3473 460 3560; x_wconf 82' lang='lat' dir='ltr'>Praefntiane</span> <span class='ocrx_word' id='word_1_319' title='bbox 481 3471 671 3538; x_wconf 79' lang='lat' dir='ltr'>Scholiorune</span> <span class='ocrx_word' id='word_1_320' title='bbox 694 3473 726 3536; x_wconf 91' lang='lat' dir='ltr'>in</span> <span class='ocrx_word' id='word_1_321' title='bbox 749 3471 899 3558; x_wconf 80' lang='lat' dir='ltr'>Gergium</span> <span class='ocrx_word' id='word_1_322' title='bbox 920 3470 1073 3552; x_wconf 84' lang='lat' dir='ltr'>Platonis,</span> <span class='ocrx_word' id='word_1_323' title='bbox 1088 3497 1185 3560; x_wconf 90' lang='lat' dir='ltr'>quam</span> 
     </span>
     <span class='ocr_line' id='line_1_38' title="bbox 149 3557 1193 3645; baseline 0.001 -21"><span class='ocrx_word' id='word_1_324' title='bbox 149 3561 227 3624; x_wconf 86' lang='lat' dir='ltr'>olim</span> <span class='ocrx_word' id='word_1_325' title='bbox 244 3581 283 3624; x_wconf 81' lang='lat' dir='ltr'>ex</span> <span class='ocrx_word' id='word_1_326' title='bbox 299 3559 399 3623; x_wconf 87' lang='lat' dir='ltr'>MSto</span> <span class='ocrx_word' id='word_1_327' title='bbox 414 3559 511 3639; x_wconf 86' lang='lat' dir='ltr'>edidi,</span> <span class='ocrx_word' id='word_1_328' title='bbox 525 3559 633 3645; x_wconf 86' lang='lat' dir='ltr'>posuit</span> <span class='ocrx_word' id='word_1_329' title='bbox 647 3557 773 3636; x_wconf 73' lang='grc' dir='ltr'><strong><em>ἐντεύξεις</em></strong></span> <span class='ocrx_word' id='word_1_330' title='bbox 793 3560 841 3622; x_wconf 80' lang='lat' dir='ltr'>nal</span> <span class='ocrx_word' id='word_1_331' title='bbox 861 3558 1045 3644; x_wconf 68' lang='grc' dir='ltr'>θεωρημάτων</span> <span class='ocrx_word' id='word_1_332' title='bbox 1063 3561 1193 3643; x_wconf 56' lang='lat' dir='ltr'>armant,</span> 
     </span>
     <span class='ocr_line' id='line_1_39' title="bbox 149 3642 1187 3732; baseline 0.002 -23"><span class='ocrx_word' id='word_1_333' title='bbox 149 3644 303 3732; x_wconf 84' lang='lat' dir='ltr'>colloquia</span> <span class='ocrx_word' id='word_1_334' title='bbox 324 3656 354 3708; x_wconf 90' lang='lat' dir='ltr'>et</span> <span class='ocrx_word' id='word_1_335' title='bbox 374 3644 617 3730; x_wconf 80' lang='lat' dir='ltr'>speculationum</span> <span class='ocrx_word' id='word_1_336' title='bbox 643 3642 842 3732; x_wconf 83' lang='lat' dir='ltr'>agitationes,</span> <span class='ocrx_word' id='word_1_337' title='bbox 868 3646 932 3708; x_wconf 84' lang='lat' dir='ltr'>aive</span> <span class='ocrx_word' id='word_1_338' title='bbox 955 3642 1187 3729; x_wconf 79' lang='lat' dir='ltr'>speculationes,</span> 
     </span>
    </p>
   </div>
   <div class='ocr_carea' id='block_1_4' title="bbox 148 3728 1288 4330">
    <p class='ocr_par' dir='ltr' id='par_1_6' title="bbox 151 3728 1191 3878">
     <span class='ocr_line' id='line_1_40' title="bbox 151 3728 1191 3878; baseline 0.001 -83"><span class='ocrx_word' id='word_1_339' title='bbox 151 3733 182 3816; x_wconf 56' lang='grc' dir='ltr'>ᾧ.</span> <span class='ocrx_word' id='word_1_340' title='bbox 206 3731 239 3795; x_wconf 90' lang='lat' dir='ltr'>ii.</span> <span class='ocrx_word' id='word_1_341' title='bbox 261 3753 294 3816; x_wconf 90' lang='lat' dir='ltr'>p.</span> <span class='ocrx_word' id='word_1_342' title='bbox 313 3736 383 3794; x_wconf 80' lang='lat'><strong>563.</strong></span> <span class='ocrx_word' id='word_1_343' title='bbox 410 3744 444 3794; x_wconf 92' lang='lat' dir='ltr'>ct</span> <span class='ocrx_word' id='word_1_344' title='bbox 468 3731 642 3816; x_wconf 86' lang='lat' dir='ltr'>Eunapius,</span> <span class='ocrx_word' id='word_1_345' title='bbox 669 3729 710 3794; x_wconf 91' lang='lat' dir='ltr'>de</span> <span class='ocrx_word' id='word_1_346' title='bbox 737 3728 956 3817; x_wconf 85' lang='lat' dir='ltr'>Chrysanthio</span> <span class='ocrx_word' id='word_1_347' title='bbox 979 3728 1191 3878; x_wconf 21' lang='lat' dir='ltr'>philosopho,-</span> 
     </span>
    </p>

    <p class='ocr_par' dir='ltr' id='par_1_7' title="bbox 148 3814 1288 4330">
     <span class='ocr_line' id='line_1_41' title="bbox 149 3814 1288 3902; baseline 0.002 -22"><span class='ocrx_word' id='word_1_348' title='bbox 149 3815 234 3890; x_wconf 71' lang='grc' dir='ltr'><strong>οὕτως</strong></span> <span class='ocrx_word' id='word_1_349' title='bbox 254 3814 428 3901; x_wconf 53' lang='grc' dir='ltr'>ἁηοιὸτερὸς</span> <span class='ocrx_word' id='word_1_350' title='bbox 447 3842 488 3891; x_wconf 78' lang='grc' dir='ltr'>τις</span> <span class='ocrx_word' id='word_1_351' title='bbox 508 3819 534 3878; x_wconf 79' lang='grc' dir='ltr'>ἐν</span> <span class='ocrx_word' id='word_1_352' title='bbox 552 3820 614 3890; x_wconf 79' lang='grc' dir='ltr'>ταῖς</span> <span class='ocrx_word' id='word_1_353' title='bbox 635 3820 764 3901; x_wconf 79' lang='grc' dir='ltr'><strong>λογικαῖς</strong></span> <span class='ocrx_word' id='word_1_354' title='bbox 785 3816 907 3894; x_wconf 67' lang='grc' dir='ltr'>κινήσεσι</span> <span class='ocrx_word' id='word_1_355' title='bbox 928 3821 980 3898; x_wconf 75' lang='grc' dir='ltr'>ἔφα</span> <span class='ocrx_word' id='word_1_356' title='bbox 991 3841 1048 3878; x_wconf 76' lang='lat' dir='ltr'>vtro</span> <span class='ocrx_word' id='word_1_357' title='bbox 1069 3837 1101 3902; x_wconf 85' lang='lat' dir='ltr'>p.</span> <span class='ocrx_word' id='word_1_358' title='bbox 1119 3833 1187 3883; x_wconf 77' lang='lat'>151.</span> <span class='ocrx_word' id='word_1_359' title='bbox 1280 3872 1288 3885; x_wconf 74' lang='lat'><em>,</em></span> 
     </span>
     <span class='ocr_line' id='line_1_42' title="bbox 150 3899 1188 3989; baseline 0.003 -23"><span class='ocrx_word' id='word_1_360' title='bbox 150 3901 201 3966; x_wconf 88' lang='lat' dir='ltr'>ed.</span> <span class='ocrx_word' id='word_1_361' title='bbox 219 3901 415 3966; x_wconf 90' lang='lat' dir='ltr'>Commclin.</span> <span class='ocrx_word' id='word_1_362' title='bbox 452 3903 577 3967; x_wconf 87' lang='lat' dir='ltr'>Interea</span> <span class='ocrx_word' id='word_1_363' title='bbox 592 3901 719 3989; x_wconf 82' lang='lat' dir='ltr'>legisse,</span> <span class='ocrx_word' id='word_1_364' title='bbox 734 3899 787 3973; x_wconf 76' lang='lat' dir='ltr'>vel,</span> <span class='ocrx_word' id='word_1_365' title='bbox 799 3902 906 3987; x_wconf 85' lang='lat' dir='ltr'>legere</span> <span class='ocrx_word' id='word_1_366' title='bbox 920 3900 1068 3980; x_wconf 87' lang='lat' dir='ltr'>voluisse,</span> <span class='ocrx_word' id='word_1_367' title='bbox 1083 3900 1113 3964; x_wconf 82' lang='grc' dir='ltr'>οὗ</span> <span class='ocrx_word' id='word_1_368' title='bbox 1128 3925 1188 3989; x_wconf 93' lang='lat' dir='ltr'>pro</span> 
     </span>
     <span class='ocr_line' id='line_1_43' title="bbox 148 3985 1193 4074; baseline 0.004 -23"><span class='ocrx_word' id='word_1_369' title='bbox 148 3986 404 4052; x_wconf 82' lang='lat' dir='ltr'>tGenebrardus</span> <span class='ocrx_word' id='word_1_370' title='bbox 419 3985 554 4067; x_wconf 85' lang='lat' dir='ltr'>videtur,</span> <span class='ocrx_word' id='word_1_371' title='bbox 568 3987 625 4074; x_wconf 89' lang='lat' dir='ltr'>qui</span> <span class='ocrx_word' id='word_1_372' title='bbox 641 3985 846 4050; x_wconf 81' lang='lat' dir='ltr'>Plriloealiani</span> <span class='ocrx_word' id='word_1_373' title='bbox 866 3987 980 4052; x_wconf 89' lang='lat' dir='ltr'>Latine</span> <span class='ocrx_word' id='word_1_374' title='bbox 999 3987 1193 4073; x_wconf 75' lang='lat' dir='ltr'>interpreta-</span> 
     </span>
     <span class='ocr_line' id='line_1_44' title="bbox 150 4071 1189 4158; baseline 0.004 -21"><span class='ocrx_word' id='word_1_375' title='bbox 150 4086 203 4137; x_wconf 79' lang='lat' dir='ltr'>tus</span> <span class='ocrx_word' id='word_1_376' title='bbox 226 4088 287 4151; x_wconf 85' lang='lat' dir='ltr'>est,</span> <span class='ocrx_word' id='word_1_377' title='bbox 308 4073 353 4137; x_wconf 82' lang='lat' dir='ltr'>sic</span> <span class='ocrx_word' id='word_1_378' title='bbox 372 4073 457 4137; x_wconf 90' lang='lat' dir='ltr'>enim</span> <span class='ocrx_word' id='word_1_379' title='bbox 477 4074 583 4152; x_wconf 86' lang='lat' dir='ltr'>vertit,</span> <span class='ocrx_word' id='word_1_380' title='bbox 605 4073 689 4136; x_wconf 82' lang='lat' dir='ltr'>Nam</span> <span class='ocrx_word' id='word_1_381' title='bbox 711 4071 762 4137; x_wconf 87' lang='lat' dir='ltr'>ael</span> <span class='ocrx_word' id='word_1_382' title='bbox 781 4072 905 4137; x_wconf 87' lang='lat' dir='ltr'>auditor</span> <span class='ocrx_word' id='word_1_383' title='bbox 924 4095 964 4137; x_wconf 77' lang='lat' dir='ltr'>ex</span> <span class='ocrx_word' id='word_1_384' title='bbox 985 4093 1044 4158; x_wconf 71' lang='lat' dir='ltr'>qino</span> <span class='ocrx_word' id='word_1_385' title='bbox 1067 4073 1189 4141; x_wconf 87' lang='lat' dir='ltr'>uidetur</span> 
     </span>
     <span class='ocr_line' id='line_1_45' title="bbox 150 4157 1185 4244; baseline -0.001 -21"><span class='ocrx_word' id='word_1_386' title='bbox 150 4158 264 4223; x_wconf 65' lang='lat' dir='ltr'>manni</span> <span class='ocrx_word' id='word_1_387' title='bbox 275 4157 372 4243; x_wconf 81' lang='lat' dir='ltr'>plane</span> <span class='ocrx_word' id='word_1_388' title='bbox 383 4157 535 4244; x_wconf 80' lang='lat' dir='ltr'>proficiet.</span> <span class='ocrx_word' id='word_1_389' title='bbox 1179 4217 1185 4222; x_wconf 90' lang='lat'><strong>.</strong></span> 
     </span>
     <span class='ocr_line' id='line_1_46' title="bbox 154 4241 1198 4330; baseline 0.005 -22"><span class='ocrx_word' id='word_1_390' title='bbox 154 4273 156 4277; x_wconf 95' lang='lat'>·</span> <span class='ocrx_word' id='word_1_391' title='bbox 196 4244 315 4310; x_wconf 74' lang='lat' dir='ltr'>thiat.</span> <span class='ocrx_word' id='word_1_392' title='bbox 328 4261 360 4324; x_wconf 83' lang='lat'>9.</span> <span class='ocrx_word' id='word_1_393' title='bbox 382 4243 515 4329; x_wconf 69' lang='grc' dir='ltr'>λέγομεν]</span> <span class='ocrx_word' id='word_1_394' title='bbox 533 4243 609 4311; x_wconf 90' lang='lat' dir='ltr'>Hoc</span> <span class='ocrx_word' id='word_1_395' title='bbox 624 4266 665 4309; x_wconf 87' lang='lat' dir='ltr'>ex</span> <span class='ocrx_word' id='word_1_396' title='bbox 679 4241 857 4310; x_wconf 79' lang='lat' dir='ltr'>Plriloealia</span> <span class='ocrx_word' id='word_1_397' title='bbox 876 4256 1042 4330; x_wconf 85' lang='lat' dir='ltr'>sumptum</span> <span class='ocrx_word' id='word_1_398' title='bbox 1056 4242 1174 4319; x_wconf 88' lang='lat' dir='ltr'>addidi.</span> <span class='ocrx_word' id='word_1_399' title='bbox 1195 4322 1198 4327; x_wconf 52' lang='grc'>,</span> 
     </span>
    </p>
   </div>
   <div class='ocr_carea' id='block_1_5' title="bbox 0 0 1362 4748">
    <p class='ocr_par' dir='ltr' id='par_1_8' title="bbox 0 0 1362 4748">
     <span class='ocr_line' id='line_1_47' title="bbox 0 0 1362 4748; baseline 0 0"><span class='ocrx_word' id='word_1_400' title='bbox 0 0 1362 4748; x_wconf 95' lang='lat' dir='ltr'> </span> 
     </span>
    </p>
   </div>
  </div>
 </body>
</html>
