2716 4748
162 296 227 381 ,ου
491 293 860 373 mnornrrours

164 479 271 552 queat.
314 465 412 531 Porro
426 484 502 528 cum
518 466 552 529 in
565 465 640 529 loco
656 464 713 528 illo
727 463 767 528 ad
781 486 812 530 c.
823 477 855 529 4.
868 463 1009 528 Heresis
1020 464 1201 530 Nuauroeua
1225 522 1229 529 .

163 570 234 615 rum
249 550 448 637 Epiphanius
462 551 508 614 rei
521 566 635 615 testem
647 550 790 614 citaverit
803 551 980 614 Eusebium
993 574 1090 637 aeque
1100 566 1200 701 atque

162 636 254 716 ahos,
272 637 438 700 verisimile
459 649 508 700 est
529 636 728 700 transtulisse
746 657 820 700 eum
840 636 976 715 Jacobo,
1012 637 1082 701 uod
1102 639 1148 701 Po
1159 661 1200 724 γε

162 736 249 787 crate
272 738 403 786 auctore
428 722 470 786 de
491 724 616 787 Joanne
640 720 813 786 tradiderat
838 723 1006 786 Eusebius
1064 723 1199 787 Statim-

163 830 227 895 que
240 821 314 872 ante
330 807 527 906 Epiphanius
548 808 589 872 de
610 808 672 871 alia
693 828 727 869 re
748 807 959 893 appellaverat
972 809 1153 872 Eusebium
1167 810 1200 872 in

162 893 295 958 historia
305 893 428 979 aliqu1d
439 915 478 958 ex
494 893 684 980 Hegesippo
697 907 887 956 narrantem.
910 893 962 957 Cl.
975 909 1086 958 autem
1098 897 1198 958 Lam-

161 979 234 1064 pius
259 978 433 1067 Prolagom.
459 980 628 1043 Commeat.
652 979 685 1042 in
707 977 837 1042 Jourrnis
857 978 1072 1065 Evangelium
1091 980 1150 1044 lib.
1171 983 1198 1043 1.

161 1086 232 1151 cap.
248 1064 292 1129 iii.
316 1067 347 1148 §.
362 1079 393 1128 4.
415 1065 536 1129 multos
558 1063 748 1128 recentiores
768 1064 913 1128 nominat
933 1065 1121 1150 scriptores,
1165 1067 1198 1130 ui

160 1150 206 1215 ita
227 1172 294 1214 rem
316 1150 530 1215 administrari
550 1150 671 1227 volunt,
687 1162 725 1212 ut
745 1149 809 1212 tale
828 1149 960 1236 aliquid,
974 1150 1053 1216 licet
1069 1152 1125 1215 lab

160 1257 245 1314 sum,
260 1236 301 1300 de
321 1238 446 1300 Joanne
470 1258 577 1300 revera
597 1234 768 1300 credidisse
788 1257 826 1299 ac
847 1235 1016 1300 tradidisse
1039 1250 1198 1302 statuatur

161 1321 355 1408 Polycrates.
384 1322 536 1408 Denique
550 1321 769 1408 conjecturam
785 1320 861 1385 facit
873 1320 1088 1407 Binghamus,
1106 1321 1197 1473 (inp.

161 1406 251 1472 Eccl.
267 1409 323 1473 lib.
339 1408 372 1471 ii.
392 1429 463 1493 cap.
477 1426 510 1485 9.
527 1410 558 1491 §.
574 1423 604 1471 ⁵.
627 1407 701 1471 loco
721 1405 779 1470 illo
799 1428 967 1492 persuasus
986 1407 1149 1472 Passimrir
1187 1454 1198 1471 .

159 1493 279 1572 Murci,
301 1515 397 1580 quern
420 1493 568 1559 Valesius
589 1490 736 1578 protulit,
760 1507 923 1556 narratum
949 1493 1051 1557 fuisse
1077 1515 1197 1558 novum

158 1578 246 1644 istud
259 1579 300 1643 de
314 1579 442 1644 duobus
460 1578 615 1664 apostolis
628 1580 649 1642 J
650 1599 753 1641 oanne
767 1590 864 1663 atque
876 1580 1013 1656 Jacobo,
1026 1594 1199 1665 propterea

158 1665 248 1751 quod
257 1665 438 1730 sacerdotes
447 1665 545 1729 furuae
553 1663 691 1741 Judaici,
701 1663 864 1749 stirpeque
872 1666 1035 1728 Aaronica
1046 1666 1196 1750 prognati

159 1766 373 1815 censerentur.
409 1750 572 1817 Caeterum
585 1771 644 1837 pro
658 1749 817 1834 πεφορεκῶς
831 1749 879 1812 ed.
897 1749 1003 1834 steph.
1020 1750 1121 1814 habet
1156 1752 1198 1814 ri-

158 1857 215 1901 ore
228 1837 357 1923 quidem
374 1837 504 1900 Eusebii
517 1837 602 1913 loco,
618 1832 789 1919 πεφορηκοός,
801 1833 912 1898 itidem
927 1835 1060 1919 Nzceplt.
1084 1772 1198 1903 cedre·

158 1942 228 1999 nus,
242 1921 347 1984 Julius
364 1921 492 2000 Pollux,
513 1943 609 2007 quam
632 1918 762 2005 quidem
784 1920 973 2007 scripturam
996 1921 1199 2006 Readingius

157 2004 215 2070 illo
242 2006 373 2091 quidem
401 2006 488 2085 loeo,
517 2005 679 2069 Strothius
712 2021 820 2069 autem
849 2019 987 2091 utroque
1017 2008 1197 2080 substituit.

158 2091 234 2156 Sine
255 2113 362 2169 causa,
383 2105 478 2177 atque
497 2091 588 2155 aliter
607 2090 701 2154 editio
722 2091 846 2171 Volusii,
867 2091 1067 2155 firmantibus
1085 2093 1199 2158 MStis

156 2176 244 2256 meis
258 2192 394 2262 excepto
410 2178 542 2241 forsitan
559 2177 592 2242 V
589 2176 798 2241 indulonensi.
842 2179 925 2240 Mox
941 2177 1090 2241 omisisse
1104 2177 1197 2256 illud,

155 2261 233 2337 ὀὗτος
259 2266 287 2325 lv
313 2262 425 2350 Ἐφέσῳ
454 2262 624 2345 rescissum,
649 2262 868 2345 Nwephbmm,
897 2275 990 2327 notat
1017 2263 1198 2328 Strothius.

159 2348 256 2412 Porro
278 2349 472 2412 mentionem
495 2349 535 2412 dc
560 2349 736 2435 Polycarpo
761 2371 779 2411 a
807 2348 973 2434 Polycrate
997 2347 1052 2411 hic
1074 2349 1195 2413 factam

157 2433 275 2498 MSlus
289 2434 381 2497 Bodl.
397 2435 479 2498 infra
493 2433 572 2498 illud
588 2436 627 2497 de
644 2436 756 2520 Sagari
772 2434 942 2497 transtulit.

201 2521 235 2583 P.
249 2534 318 2595 370.
332 2520 354 2583 l.
368 2536 414 2583 12.
437 2522 483 2583 καὶ
496 2520 644 2606 Θρασέας]
659 2521 724 2584 Hic
738 2534 787 2583 cst
801 2519 940 2582 Thrasea
955 2535 1089 2606 martyr,
1102 2521 1195 2608 cujus

156 2606 352 2669 mentionem
368 2607 445 2670 facit
458 2604 651 2690 Apollonius
673 2607 705 2668 in
729 2606 812 2668 libro
833 2619 945 2668 contra
966 2606 1195 2692 Cataphrygas

157 2713 254 2775 supra
267 2713 337 2776 cap.
354 2706 401 2755 ls.
421 2693 453 2755 in
476 2693 536 2754 fine
559 2693 605 2754 nul
624 2691 746 2778 Θρασέα
766 2691 793 2751 δέ
813 2716 882 2762 τινος
899 2695 952 2752 τῶν
969 2692 1033 2753 τότε
1047 2694 1193 2777 μαρτύρων

155 2776 320 2857 μνημονεύει.
354 2778 452 2841 Hunc
468 2777 500 2839 in
516 2777 596 2839 urbe
611 2778 748 2863 Smyrna
761 2776 915 2860 martyrio
931 2791 1191 2841 consummatum

156 2883 225 2924 esse
240 2861 350 2924 scribit
364 2864 509 2939 Rufinus,
525 2885 619 2947 quern
639 2863 739 2926 secuti
753 2875 828 2925 sunt
841 2861 940 2939 Beda,
956 2862 1032 2924 Ado
1048 2876 1082 2925 et
1096 2865 1193 2927 ceteri

156 2945 211 3030 qui
227 2947 455 3031 martyrologia
470 2949 633 3032 scripsere.
658 2948 840 3034 Polycrates
852 2960 959 3009 tamen
973 2961 1102 3011 tantum
1115 2949 1192 3012 dixit

155 3029 183 3104 ὃς
198 3033 224 3093 ἐν
237 3031 349 3118 Σμύρνῃ
364 3033 533 3111 κεκοίμηταρ.
556 3034 761 3097 Vnssslus
806 3032 990 3095 Articulum
1008 3039 1021 3094 ὁ
1043 3048 1119 3096 ante
1140 3035 1190 3096 ἀπὸ

156 3117 305 3198 Εὐμεοείας
323 3139 361 3180 ex
382 3118 458 3181 MS.
474 3117 613 3202 Norfolc.
635 3119 864 3203 Nicephuroque
883 3117 1000 3180 addidi.
1037 3118 1191 3204 Corrige-

154 3202 211 3267 bat
226 3203 375 3285 Εὐμευείας
389 3225 447 3288 pro
461 3203 597 3282 Εὑμευίας
611 3205 784 3268 Strothius.
826 3205 943 3288 Neque
957 3203 1050 3267 aliter
1064 3205 1191 3291 scripsit

156 3287 355 3373 Sophronius
371 3290 563 3375 Hieronymi
580 3290 713 3354 Graecus
729 3291 893 3373 interpres.

199 3374 281 3436 lbid.
299 3375 320 3437 l.
336 3391 382 3438 15.
404 3376 534 3462 Σάγαρον
549 3373 692 3437 ἐπίσκοπον
708 3377 755 3438 καὶ
771 3375 911 3459 μάρτυρα]
936 3373 1045 3460 Hujus
1067 3389 1191 3462 marty-

154 3457 197 3521 ris
219 3460 413 3522 mentionem
436 3462 513 3524 facit
536 3459 653 3523 Melito
675 3460 843 3523 Sardianus
866 3461 1087 3544 episcopusin
1108 3462 1191 3524 libro

154 3542 194 3606 de
221 3544 341 3607 Pascha
364 3545 413 3608 his
437 3545 537 3609 verbis
564 3547 604 3606 ἐπὶ
629 3544 786 3629 Σερουϊλίου
816 3546 932 3607 Παύλου
957 3545 1119 3608 ἀνθυπάτου
1144 3553 1191 3622 τῆς

152 3629 265 3707 Ἀσίας,
280 3628 302 3714 ᾧ
316 3631 444 3715 Σάγαρις
465 3636 551 3717 καιρῷ
572 3631 768 3716 ἐμαρτύρησεν,
788 3629 894 3712 ἐγένετο
916 3632 1024 3710 ζήτησις
1043 3636 1191 3708 archariis

153 3715 312 3800 Λαοδικείᾳ,
327 3717 386 3779 &c
396 3725 472 3801 'quae
489 3717 595 3779 citavit
611 3717 767 3780 Eusebius
781 3737 875 3800 supra
890 3716 922 3778 in
935 3716 1018 3779 libro
1033 3717 1072 3778 iv.
1101 3717 1190 3799 (Vid.

154 3820 249 3883 supra
263 3822 338 3885 pag.
355 3817 420 3879 109.
437 3814 469 3864 et
484 3815 550 3865 not.
568 3800 608 3863 ad
623 3801 698 3881 loc.)
726 3802 798 3865 Fuit
814 3800 865 3864 hie
879 3801 1049 3885 episcopus
1064 3802 1190 3865 Laodi·

152 3904 218 3947 ceae
234 3883 266 3946 in
279 3885 379 3949 Asia:
405 3886 508 3971 Cujus
524 3887 721 3970 temporibus
741 3900 907 3950 commota
928 3900 975 3950 est
997 3888 1137 3972 quaestio
1158 3888 1192 3952 in

152 3969 231 4033 urbe
246 3970 406 4036 Laodicea
420 3971 459 4034 de
475 3972 558 4034 festo
578 3971 730 4056 paschali.
776 3974 813 4034 In
834 3973 930 4034 veteri
951 3972 1192 4058 martyrologio

152 4054 299 4118 Romano
313 4056 400 4142 quod
414 4056 514 4120 edidit
530 4056 741 4144 Roswcydus,
753 4059 865 4143 quinto
881 4057 933 4119 die
950 4057 1104 4121 Octobris
1119 4058 1192 4122 haec

152 4139 328 4204 habentur:
352 4141 517 4205 Eumenice
534 4140 678 4205 Thrasece
696 4142 836 4227 episcopi,
852 4143 935 4226 opud
950 4144 1121 4227 Smyrnam
1144 4166 1195 4207 co-

151 4225 265 4304 ronati,
280 4226 335 4311 qui
348 4226 507 4314 unusfuit
522 4250 561 4291 cx
575 4227 723 4314 antiquis.
751 4229 815 4293 Die
829 4242 939 4294 autem
953 4229 1102 4316 sequenti
1118 4228 1193 4295 haec
