2716 4748
375 252 432 321 ns
451 246 687 321 uuousnor
710 252 1009 322 FRAGMENTA.
1149 274 1215 345 239

172 416 357 489 biferianos.
391 422 486 488 Taceo
507 425 544 487 de
560 423 718 488 Judoisrui
738 423 904 502 haereticis,
927 422 983 510 qui
1003 433 1077 488 onte
1097 424 1213 491 odoen-

176 518 244 573 tum
266 506 395 586 Christi,
412 506 512 594 legem
532 508 687 573 traditam
707 509 920 594 dissiporunt:
944 509 1027 594 quod
1046 510 1215 574 Dositlreas

175 590 447 657 Samaritanorum
465 592 609 678 princeps
626 593 793 676 propbetas
814 591 1011 677 repudiauit:
1036 594 1117 679 quod
1134 595 1215 659 Sod-

149 744 155 753 ,
174 675 278 741 duom
290 698 332 741 ea
345 676 433 740 illius
445 677 549 741 radice
561 688 731 755 noscentes,
741 676 836 740 etium
848 677 1098 741 resurrectionem
1112 680 1219 743 corais

173 771 378 847 negarentur.
414 761 559 846 Scaliger
571 774 679 824 tamen
694 762 726 825 in
740 761 883 824 Eleucho
897 761 1064 824 trihaeresii
1078 784 1149 848 cap.
1167 779 1215 827 15.Ι

173 842 375 917 Dositheum
395 844 527 911 Christo
547 846 756 909 recentiorem
773 868 843 909 esse
856 846 1039 909 contendit:
1062 846 1093 909 id
1120 869 1160 910 ue
1175 868 1216 913 ex

173 928 327 1015 origenis
340 928 544 1007 auctoritate,
559 929 614 1014 qui
635 929 668 992 in
684 929 740 992 lib.
757 932 784 993 l.
806 940 919 994 contra
942 930 1073 993 Celsum
1096 868 1216 996 diserte

172 1010 208 1077 id
221 1012 370 1077 affirmat.
407 1013 471 1077 Sed
486 1027 520 1077 et
533 1013 619 1078 idem
635 1013 792 1098 Origenes
807 1015 841 1077 in
856 1026 995 1077 tractatu
1009 1027 1059 1088 27.
1075 1014 1106 1078 in
1123 1018 1215 1080 Mat·

171 1096 311 1174 thaeum,
334 1097 533 1161 Dositheum
555 1097 790 1162 Samaritanum
813 1098 1013 1184 temporibus
1034 1098 1213 1184 Apostolo-

171 1202 246 1245 rum
271 1182 387 1245 vixisse
408 1182 530 1260 scribit,
551 1184 607 1267 qui
631 1203 665 1245 se
690 1181 858 1246 Christum
884 1203 953 1246 esse
972 1182 1158 1268 jactaverit:
1176 1199 1216 1251 ,ot

171 1260 268 1329 tomo
278 1265 344 1329 xiii.
355 1266 599 1331 Enarrationum
612 1266 645 1329 in
657 1267 870 1351 Evangelium
882 1268 1026 1331 Joaunis.
1050 1265 1090 1330 ld
1103 1272 1215 1332 aute'm

144 1348 319 1435 ,hausisse
339 1349 465 1414 videtur
487 1351 645 1435 Origenes
666 1371 706 1413 ex
729 1350 898 1415 Clemente
922 1352 1080 1428 Romano,
1102 1352 1158 1437 qui
1180 1353 1215 1415 in

169 1432 230 1497 lib.
253 1433 287 1498 ii.
331 1434 603 1519 Recognitionum
632 1433 673 1498 de
702 1435 833 1499 Simone
860 1437 964 1520 Mago
994 1435 1142 1519 loquens,
1168 1437 1215 1501 ita

170 1517 300 1581 scribit..
338 1519 552 1582 “Interfecto
574 1519 703 1596 etenim,
726 1519 809 1582 sicut
830 1519 892 1583 scis
915 1521 1047 1603 etipse,
1069 1519 1117 1582 Ba
1139 1520 1216 1584 tista

171 1608 197 1641 ‘⁶
208 1602 347 1680 =loaune,
360 1624 435 1666 oum
452 1602 629 1666 Dositheus
647 1603 804 1666 haereseos
820 1626 886 1667 suae
900 1604 1021 1667 iniisset
1035 1541 1215 1682 exordium,

171 1691 196 1725 ‘⁸
210 1706 289 1749 cum
314 1688 447 1772 triginta
470 1687 699 1772 principalibus
729 1687 904 1772 discipulis,
929 1702 963 1752 et
990 1687 1052 1751 alia
1078 1688 1215 1751 muliere

170 1775 197 1811 ‘⁴
210 1792 285 1855 quae
298 1772 395 1835 Luna
404 1771 540 1835 vocitata
554 1785 613 1835 est.
659 1771 756 1834 Unde
776 1785 809 1833 et
829 1772 875 1835 illi
897 1773 1040 1858 triginta,
1055 1772 1145 1857 quasi
1164 1793 1216 1835 se·

170 1858 198 1905 4‘
211 1854 356 1918 cundum
372 1856 456 1919 lunae
472 1877 602 1918 cursum
618 1857 650 1919 in
666 1877 801 1919 numero
815 1855 938 1919 dierum
955 1856 1050 1941 positi
1062 1856 1213 1921 videban-

170 1936 197 1979 “
210 1950 276 2003 tur.
319 1940 432 2002 Simon
446 1939 499 2002 hic
514 1940 607 2002 malae
624 1952 661 2003 ut
677 1939 815 2003 diximus
831 1940 945 2025 gloriae
960 1939 1107 2026 cupidus,
1121 1962 1215 2004 acce·

133 2098 139 2107 .
170 2020 262 2085 “dit
283 2023 325 2087 ad
343 2023 540 2087 Dositheum
551 2048 562 2098 ,r
585 2037 618 2087 et
640 2024 797 2087 simulatis
818 2024 978 2102 amicitiis,
996 2038 1108 2088 exorat
1128 2037 1165 2089 ut
1186 2024 1215 2089 si

171 2111 197 2145 “
236 2106 343 2171 uando
363 2107 478 2195 aliquis
500 2128 540 2170 ex
561 2107 623 2171 illis
645 2107 779 2192 triginta
799 2109 943 2185 obiisset,
964 2109 998 2171 in
1024 2110 1133 2172 locum
1158 2109 1216 2174 dc·

171 2195 196 2231 “
211 2128 316 2256 limati
341 2212 376 2255 se
400 2192 554 2257 continuo
577 2193 791 2276 subrogaret:
828 2194 904 2277 quia
927 2214 1030 2277 neque
1056 2205 1215 2257 statutum

172 2280 196 2313 “
213 2296 381 2361 numerum
404 2275 557 2339 excedere
578 2276 663 2361 apud
686 2298 742 2340 cos
765 2277 813 2338 fas
835 2292 914 2354 erat,
938 2298 1041 2361 neque
1063 2278 1215 2361 ignotum

172 2359 352 2459 “aliquem
368 2359 517 2439 inserere,
532 2374 588 2424 aut
602 2359 745 2423 nondum
761 2361 943 2443 probatum.
988 2360 1084 2423 Unde
1105 2373 1139 2423 et
1158 2381 1214 2424 ce·

173 2449 197 2483 “
212 2456 275 2506 ten
298 2443 464 2508 studentes
492 2444 583 2529 digni
610 2445 683 2507 loco
708 2464 745 2507 ac
771 2465 905 2507 numero
931 2444 1008 2520 fieri,
1034 2443 1216 2511 secundum

172 2533 197 2567 “
212 2539 309 2591 secte
333 2550 400 2592 suae
425 2528 571 2593 instituta
595 2528 721 2613 placere
747 2549 804 2612 per
831 2527 939 2591 omnia
963 2528 1120 2612 gestiunt,
1148 2549 1215 2613 quo

171 2618 197 2651 “
212 2612 314 2696 possit
330 2612 483 2698 unusquis
507 2635 548 2676 ue
570 2634 609 2676 ex
628 2612 678 2676 his
696 2613 752 2697 qui
771 2611 863 2675 illum
887 2634 1059 2675 numerum
1074 2634 1214 2697 sequun-

172 2701 197 2737 “
211 2708 277 2773 tur,
291 2716 366 2759 oum
381 2697 464 2761 forte
481 2635 596 2783 siliquis
617 2710 654 2760 ut
671 2697 822 2774 diximus,
838 2696 1020 2775 decesserit,
1034 2696 1153 2781 dignus
1168 2695 1214 2760 vi·

170 2779 282 2844 “deri
329 2781 364 2844 ui
390 2780 424 2844 in
447 2780 559 2845 locum
585 2780 728 2845 defuncti
753 2781 905 2845 substitui
928 2781 1053 2843 debeat.
1107 2780 1213 2865 Igitur

171 2872 195 2905 “
212 2802 393 2928 Dositbeus
408 2865 553 2950 plurimis
568 2867 609 2928 ab
625 2865 688 2929 hoc
702 2878 861 2942 exoratus,
876 2864 930 2929 ubi
945 2865 1037 2928 locus
1057 2865 1139 2929 intra
1154 2886 1215 2927 nu·

171 2954 339 3012 “merum
361 2950 466 3013 sactus
486 2964 547 3029 est,
568 2949 746 3013 introduxit
767 2950 943 3013 Simonem.
987 2947 1052 3012 Sed
1073 2948 1127 3013 hio
1149 2970 1214 3013 non

171 3039 197 3073 ‘⁴
213 3032 318 3097 multo
338 3046 412 3118 post
430 3034 543 3099 incidit
562 3034 593 3098 in
614 3055 760 3097 amorem
773 3034 916 3097 mulieris
930 3033 1016 3097 illius
1032 3055 1128 3118 quam
1146 3035 1214 3096 Lu·

170 3124 197 3157 “
212 3138 288 3181 uam
302 3131 429 3197 vocant,
445 3118 527 3181 ucss’
564 3120 613 3182 Ex
633 3118 750 3204 quibus
771 3131 861 3202 patet
883 3117 1081 3181 Dositheum
1098 3117 1215 3180 iisdem

169 3222 251 3267 cum
267 3202 400 3265 Simone
414 3202 526 3266 vixisse
540 3203 751 3288 temporibus.
784 3203 838 3265 De
852 3200 1004 3265 Dosithei
1018 3214 1112 3263 aetate
1126 3200 1214 3265 idem

170 3306 306 3373 quoque
323 3286 421 3350 sentit
441 3287 525 3350 Eulo
552 3288 600 3350 'us
623 3284 804 3349 Patriarcha
822 3284 1067 3362 Alexandrinus,
1083 3296 1120 3348 ut
1133 3282 1216 3369 legi·

174 3385 229 3435 tur
242 3370 276 3435 in
290 3370 489 3435 bibliotheca
505 3372 528 3434 P
553 3372 611 3435 otii
625 3392 697 3455 cap.
709 3384 778 3433 230.
802 3370 906 3454 Eique
921 3369 1085 3432 sententie
1100 3367 1214 3431 suffra·

218 3466 275 3519 tur
293 3455 503 3541 Hegesippus
525 3456 557 3519 in
580 3457 653 3519 loco
674 3476 771 3540 quem
793 3475 859 3537 prae
879 3453 1026 3517 manibus
1045 3452 1214 3517 habemus.

173 3474 388 3603 litusens.
420 3541 584 3603 Δοσιθεανοὶ
600 3538 729 3623 Mcepb.
745 3538 793 3600 Ru
806 3560 848 3600 ιη.
885 3539 938 3601 De
952 3537 1048 3624 hujus
1063 3536 1215 3600 Dosithei

176 3636 272 3687 aetnte
286 3623 389 3687 critici
404 3637 538 3701 certant,
550 3637 584 3687 et
593 3624 700 3688 adhuc
714 3624 775 3686 sub
785 3622 896 3708 judice
910 3622 950 3684 lis
962 3638 1023 3686 est.
1042 3622 1214 3687 Sruorn.

177 3708 272 3773 Duos
293 3709 408 3771 saltem
433 3707 610 3772 Dositheos
632 3708 740 3783 fuisse,
762 3728 863 3770 unum
885 3706 1111 3792 antiquiorem,
1133 3705 1214 3769 alte-

178 3812 259 3870 rum,
273 3792 330 3891 qui
406 3791 603 3856 tChristum
619 3792 770 3868 extiterit,
785 3812 825 3854 ex
844 3804 969 3875 patrum
991 3791 1032 3853 de
1052 3789 1214 3854 Dositheo

177 3876 350 3941 narrationi
374 3898 412 3940 us
428 3878 523 3941 multi
537 3877 597 3941 scri
623 3892 709 3941 tores
723 3874 937 3960 collegerunt.
964 3874 1122 3937 Conferas
1137 3874 1214 3937 item

175 3980 250 4046 quoe
264 3982 368 4045 nuper
381 3960 423 4024 cl.
440 3962 563 4025 Florius
578 3899 621 4024 ad
633 3980 732 4045 pagg.
744 3966 876 4022 31-36.
898 3960 1034 4023 Dissert.
1053 3958 1123 4043 jam
1142 3977 1214 4019 me·

175 4057 313 4109 moratae
339 4045 392 4109 De
419 4044 556 4143 Hegesip
581 4045 591 4107 i
619 4045 705 4107 lrococ
734 4045 930 4142 Fragmento,
957 4052 1033 4129 quae'
1057 4039 1213 4106 Bononiae

165 4128 264 4196 edita
277 4142 338 4207 est,
351 4128 511 4196 disseruit.
575 4143 707 4196 ererum
723 4128 823 4197 tradit
835 4128 929 4194 tertio
941 4141 1082 4193 uertente
1095 4122 1214 4191 soeculo
