2716 4748
203 267 264 343 126
446 332 448 337 .
534 264 890 339 ANNoTAslouns
917 282 933 335 ·'.
965 280 1007 343 ῐῆξ

197 439 343 591 ssa
353 437 1222 606 ..nannetensem

198 622 273 698 post
286 609 414 675 additur
428 610 514 677 istud
527 635 535 675 ε
559 611 691 675 Mentem
703 612 863 698 Σαςδιάνων
877 611 1020 686 tricamus
1031 617 1107 694 used
1119 619 1223 679 unvai

196 699 252 761 'coir
266 694 437 760 anatum
449 699 535 794 wopai
547 703 594 759 τοῦ
608 699 680 759 αὐτό
693 695 820 769 ’lonciaco
831 714 919 778 φησιν·
941 701 1028 760 ΟΥΚ
1041 699 1126 781 topia
1138 698 1223 765 aaa

199 781 307 867 drop.
317 795 385 845 258.
418 779 532 846 Melete
554 780 775 845 Sardianorum
796 781 951 867 episoma
969 792 1039 868 post
1059 781 1166 849 mulsa
1186 783 1223 849 ai

196 865 299 933 eodem
311 865 435 931 nussim
450 865 589 930 tradita:
612 866 713 931 NON
726 888 847 946 sumus,
863 865 977 953 inquit,
991 866 1133 932 cultores
1149 868 1210 933 &cs

241 953 275 1016 P.
289 965 355 1014 112.
369 950 391 1015 l.
402 965 453 1015 21.
474 951 521 1015 nai
536 952 592 1036 sa]
612 950 697 1016 Cum
711 949 850 1050 primum
866 952 898 1016 in
916 951 1061 1017 Chronico
1075 950 1224 1019 Paschnli

196 1035 283 1101 huno
308 1034 475 1101 Melitonis
496 1038 605 1100 locum
625 1035 757 1122 inspexi,
777 1035 823 1117 aa)
844 1036 884 1099 in
906 1036 1080 1123 legendum
1104 1039 1223 1125 putavi.

196 1120 263 1185 Sed
282 1121 406 1222 pridem
427 1121 473 1185 ita
492 1133 627 1185 verterat
643 1120 823 1186 Halloixius
836 1122 871 1185 in
889 1122 968 1186 Vitt.
984 1124 1051 1187 ΡΡ.
1068 1122 1222 1189 Oriental.

196 1217 278 1271 tom.
290 1205 323 1270 ri.
339 1228 371 1292 p.
384 1219 452 1271 888.
465 1206 556 1292 quasi
570 1206 608 1271 ἔτι
622 1205 793 1292 legendum
810 1206 979 1271 censuerit.
1015 1208 1090 1272 Imo
1112 1210 1223 1275 Petrus

196 1289 442 1378 Wesselingius,
448 1291 494 1356 vir
502 1291 545 1356 cl.
555 1312 623 1356 c.x.
639 1286 1002 1371 Probabilimn,eandem
1010 1293 1222 1359 mutationem

196 1395 262 1442 non
282 1376 380 1441 modo
401 1377 579 1463 proposuit,
599 1376 656 1442 sed
677 1375 774 1441 etiam
795 1377 992 1463 argumentis
1013 1377 1222 1445 confirmavit.

194 1467 219 1503 “
232 1463 311 1527 Non
324 1462 555 1527 remorabitur''
568 1462 671 1549 inquit
685 1468 912 1549 “quemquam
926 1463 1063 1529 mutatio
1080 1462 1170 1529 vocis
1182 1465 1222 1529 tri

193 1552 217 1587 “
229 1546 263 1613 in
272 1546 323 1627 in,
334 1569 405 1648 quae
419 1542 551 1612 minima
564 1561 625 1627 est,
637 1547 664 1611 si
676 1546 903 1626 consideretur,
918 1547 1063 1612 codicem
1078 1569 1147 1635 quo
1161 1550 1221 1615 lu-

192 1638 217 1673 “
230 1632 325 1698 derus
338 1654 372 1697 nr
385 1628 523 1698 editione
535 1655 611 1698 usus
623 1644 682 1711 est,
690 1631 965 1718 corruptissimum
978 1633 1087 1697 fuisse.
1107 1635 1222 1721 Questi

194 1716 261 1782 “id
283 1714 360 1783 olim
382 1717 440 1783 viri
464 1717 553 1783 docti
575 1731 658 1796 aunt,
680 1730 718 1782 ut
739 1716 884 1803 cangius
906 1716 1057 1803 exemplis
1079 1718 1114 1782 in
1140 1739 1221 1806 prz-

192 1808 216 1843 “
230 1802 350 1869 satione
363 1802 621 1868 commonefecit.
664 1804 707 1866 Et
722 1802 809 1867 haud
822 1825 893 1868 raro
907 1803 1029 1867 evenire
1043 1802 1140 1883 solet,
1154 1818 1222 1871 ute

193 1893 263 1952 “et
281 1913 300 1951 τ
322 1887 410 1953 fatali
431 1887 568 1975 quadam
589 1887 790 1952 librariorum
810 1888 980 1953 oscitantia
992 1888 1131 1955 invicem
1144 1910 1220 1955 cou-

193 1979 217 2012 “
233 1971 438 2038 fundantur.''
461 1975 494 2038 P.
510 1986 559 2037 88.
600 1974 685 2037 Tota
699 1994 772 2037 vero
786 1971 885 2058 digna
904 1987 964 2052 est,
978 1986 1016 2037 ut
1033 1973 1164 2059 legatur
1181 1974 1220 2041 ὼ

192 2054 256 2123 hoc
272 2059 288 2121 f
343 2072 452 2122 mento
465 2071 577 2122 contra
587 2057 824 2136 Artemonium‚
835 2057 881 2122 uti
894 2079 928 2121 sc
937 2058 1074 2124 vocabat
1086 2059 1220 2125 Samue-

191 2143 232 2208 lis
248 2079 396 2220 efflas,
409 2143 617 2229 Wesselingii
636 2143 820 2230 disputatio.
863 2143 927 2206 Sed
942 2143 1102 2208 Grabium
1116 2143 1221 2211 videos

192 2228 323 2295 innotis
338 2228 379 2292 ad
394 2225 484 2292 Ball·
501 2227 601 2312 Opera
617 2250 650 2314 p.
665 2235 717 2292 86.
738 2227 800 2292 hoc
822 2229 864 2291 iai
885 2227 1044 2292 censuisse
1065 2228 1219 2295 omitten-

192 2308 283 2391 dum,
297 2313 384 2400 quod
398 2313 517 2379 interea
533 2313 648 2378 melius
667 2313 699 2376 in
718 2311 757 2376 ἔτι
778 2313 1024 2377 convertendum
1044 2334 1115 2378 esse
1134 2312 1218 2379 hund

191 2398 412 2464 dubitaverim.
456 2401 628 2485 Postquam
650 2398 758 2462 omnia
778 2397 848 2461 haec
869 2398 989 2483 scripsi,
1008 2398 1168 2463 Grabiuru
1188 2412 1218 2465 ot

190 2484 443 2571 Wesselingium
459 2483 615 2549 adductos
626 2481 820 2569 deprehendi
831 2506 851 2547 a
863 2482 1032 2550 Gallandio
1045 2483 1087 2547 ad
1098 2483 1219 2564 locum,

191 2569 248 2635 ubi
269 2585 302 2636 et
322 2587 475 2656 praeterea
497 2568 559 2633 hoc
581 2582 692 2633 monet
712 2567 758 2631 vir
778 2566 819 2631 cl.
835 2567 952 2631 rectius
966 2567 1217 2655 Wesselingium

190 2653 319 2719 vertisse
340 2656 382 2718 mi
401 2655 516 2719 πάντων
536 2669 626 2738 snper
650 2652 762 2731 omnia,
778 2674 873 2738 quam
893 2652 1053 2737 Cangium
1069 2651 1102 2717 in
1124 2653 1219 2719 omni-

191 2734 257 2816 bns,
279 2738 324 2802 sic
347 2739 432 2802 enim
454 2738 494 2802 de
519 2737 649 2802 Christo
671 2739 745 2801 Deo
766 2738 950 2822 apostolum
973 2737 1110 2802 Paulum
1129 2738 1216 2803 Rom.

191 2825 233 2890 ix.
246 2838 276 2887 5.
301 2821 369 2886 dois
391 2824 433 2885 tet
457 2823 572 2886 πάντων
592 2824 664 2897 Θεὸς
686 2825 832 2906 εὐλογητὸς
853 2827 889 2896 εἰς
909 2823 970 2896 τοὺς
992 2825 1100 2897 αἰῶνας.
1134 2820 1218 2888 Illud

191 2929 320 2996 quoque
335 2908 376 2972 ad
389 2929 460 2993 cap.
470 2907 509 2972 iv.
521 2907 628 2992 Epist.
640 2908 682 2972 ad
695 2907 811 2991 Epkes.
823 2929 943 2971 comm.
952 2913 982 2971 6.
994 2907 1111 2972 adduci
1125 2921 1217 2994 pote-

191 3007 252 3072 rat,
267 2994 302 3069 rig
315 2995 388 3068 Θεὸς
402 2994 449 3056 καὶ
463 2997 559 3080 πατὴρ
572 2992 699 3071 πάντων,
714 2998 727 3055 ὁ
743 2993 784 3055 ἐπὶ
799 2993 914 3055 στάντων
931 2993 979 3057 καὶ
999 2996 1043 3056 διὰ
1060 2992 1181 3073 πάντων,
1195 2995 1217 3095 'i

191 3084 217 3144 iv
230 3084 313 3144 πᾶσιν
327 3084 398 3160 ὑμῖν.
434 3078 595 3164 Denique,
610 3079 668 3142 etsi
687 3089 810 3141 retento
829 3084 869 3163 τῷ
891 3079 933 3141 ἐπὶ
954 3078 1056 3142 oratio
1076 3078 1170 3158 bene,
1185 3102 1217 3144 m

189 3164 294 3243 fallor,
317 3163 502 3242 cohaereret,
523 3165 704 3274 importune
732 3174 839 3226 tamen
866 3162 991 3248 adjecta
1016 3163 1111 3227 verba
1138 3164 1217 3228 mihi

189 3250 319 3337 quidem
341 3249 519 3314 viderentur
538 3275 585 3312 nm
606 3249 648 3311 ini
668 3255 715 3311 τοῦ
729 3249 823 3334 xpe&
842 3252 926 3327 ariri,
942 3246 1021 3322 ὅντως
1039 3253 1102 3312 (isti
1122 3249 1217 3337 Myon

187 3335 247 3421 erpi
261 3336 373 3415 αἰώνων,
389 3346 462 3421 post
476 3334 532 3398 illa
545 3333 591 3414 aa)
605 3334 647 3396 ἐπὶ
660 3332 788 3396 πάντων.

233 3422 268 3484 Ρ.
281 3434 347 3483 113.
361 3420 383 3483 l.
393 3432 424 3482 4.
446 3419 578 3482 Mentesa
591 3418 732 3502 Ὀνησίμῳ
745 3417 817 3502 dcc]
831 3415 920 3481 Huic
930 3417 1122 3503 προσφωνήσει
1133 3440 1217 3504 prae·

189 3505 277 3571 misit
291 3503 458 3581 Eusebium
471 3506 521 3568 Ἐν
542 3505 569 3566 δὲ
590 3507 650 3577 ταῖς
672 3501 835 3588 γραφείσαις
856 3505 930 3587 αὐτῷ
949 3506 1091 3588 ἐκλογαῖς,
1106 3506 1217 3580 imit&

191 3589 335 3671 (Melito)
350 3592 425 3652 κατὰ
439 3590 472 3652 τὸ
484 3586 629 3674 προοίμιον
642 3586 792 3674 ἀρχόμενος
805 3595 859 3651 τῶν
873 3586 1084 3672 &praependens
1097 3593 1145 3664 τῆς
1156 3615 1217 3653 πα·

186 3680 269 3750 λαιᾶς
289 3675 417 3752 διαθήκης
434 3680 548 3761 γραφῶν
565 3676 687 3753 martirio
704 3671 873 3756 κατάλογον·
895 3669 986 3736 danai
999 3676 1151 3755 ἀναγκαῖον
1170 3677 1216 3738 ἓν·

186 3765 281 3824 ταῶ-θα
297 3759 451 3837 καταλέξω
463 3757 618 3845 ἡγούμεθα,
633 3757 735 3844 ἔχοντα
747 3758 788 3819 ἐπὶ
803 3754 902 3834 λέξεως
917 3755 1000 3831 drus.
1023 3756 1218 3822 ΜΕΛΙΤΩΝ

184 3845 328 3930 Ὀνησίμῳ
343 3845 402 3909 &a
436 3844 522 3907 Idem
536 3842 568 3907 in
583 3841 734 3926 excerptis
751 3839 789 3904 ab
809 3842 874 3925 ipso
895 3841 1078 3926 compositis,
1091 3842 1217 3907 univer·-

185 3952 233 3995 sos
254 3927 362 3994 veteris
386 3927 572 3993 Testamenti
594 3927 685 3992 libros
707 3925 763 4014 qui
781 3925 915 3990 omnium
938 3948 1081 3991 consensu
1100 3924 1220 4012 recepti

185 4025 269 4094 sunt,
283 4014 391 4078 statim
411 4013 443 4076 in
459 4011 611 4098 principio
626 4012 724 4097 operis
737 4021 879 4076 recesset.
916 4013 1013 4097 Quem
1027 4011 1151 4100 quidem
1164 4011 1218 4077 in·

185 4100 283 4165 dicem
297 4099 351 4163 hoc
365 4097 425 4163 loco
441 4112 590 4183 opponere
604 4095 805 4162 necessarium
815 4097 939 4182 patavi.
972 4098 1025 4162 Sic
1037 4109 1143 4162 eutem
1157 4096 1218 4163 lta·

186 4185 234 4252 bet
248 4184 290 4251 cd
303 4183 436 4275 verbnm.
479 4182 654 4256 MELITO
669 4180 823 4249 Onesimo
839 4183 899 4247 &a
