2716 4748
178 397 182 401 .
264 294 319 363 nr
338 275 575 361 auersum
598 290 894 359 retensum.
1025 302 1096 382 1243

50 461 208 543 adduxit,
224 464 324 551 paulo
347 465 439 531 aliter
460 465 530 530 haec
554 465 744 531 referuntur.
787 461 916 527 Etenim
940 462 1099 529 Eusebius

58 551 129 617 illic
150 551 271 631 scribit,
287 553 410 638 Hegesi
433 575 512 639 pum
535 554 670 616 Romam
693 548 876 614 adventasse
897 550 1098 633 temporibus

51 635 203 715 'Aniceti
214 634 248 702 e't
261 659 363 724 usqne
378 574 433 702 adl
432 637 651 725 pontificatum
663 634 839 700 Eleutherii
853 636 886 700 in
899 635 979 700 urbe
993 636 1100 701 Roma

51 723 285 809 permansisse.
325 723 469 806 (Eusebii
482 724 578 788 verba
591 736 675 802 sunt,
690 722 738 786 aul
755 725 831 784 κατὰ
846 727 895 800 τὴν
911 721 1053 804 Ῥωμαίων
1068 723 1096 785 δὲ

51 807 150 872 seina
164 805 196 870 ιε’
207 813 256 885 τῆς
276 813 422 885 ἐπισκοπῆς
440 811 554 894 ἐνιαυτῷ
570 807 631 871 llis
648 807 878 891 μεταλλάξαντος
888 807 1030 886 Ἀνίκητος
1042 816 1099 872 τῶν

59 888 151 957 desios
163 894 327 979 σροΐςαταν·
350 897 416 959 καθ’
437 892 465 958 ὃν
483 895 660 980 Ἡγήσιππος
682 896 764 978 ῖςορεῖ
782 894 875 956 ἑαυτὸν
889 895 1049 975 incisorium
1062 899 1097 979 τῇ
1128 902 1132 907 “

48 978 165 1065 “stipem
188 983 363 1066 magnatium
385 1007 416 1044 rs
441 980 538 1044 αὐτόθι
559 978 647 1067 μέχρι
668 985 715 1056 τῆς
737 981 883 1054 ἐπισκοπῆς
902 976 1093 1066 Ἐλευθέρου.)

58 1063 270 1151 Hegesippus
284 1081 391 1130 tamen
406 1066 557 1131 hocloco
578 1065 611 1131 id
629 1088 693 1129 non
707 1064 806 1128 dicit:
829 1063 884 1127 sed
898 1076 1022 1129 tantum
1038 1065 1097 1146 ait,

58 1172 95 1214 se
107 1152 222 1215 Romae
233 1151 386 1217 mansisse
397 1172 500 1239 usque
510 1151 551 1217 ad
561 1151 782 1237 pontificatum
792 1149 931 1215 Aniceti.
957 1152 1096 1215 Romam

25 1306 29 1311 ,
57 1258 142 1322 ergo
157 1250 285 1302 venerat
306 1238 513 1336 Hegesippus
533 1237 593 1301 sub
614 1249 757 1300 extrema
777 1236 824 1300 Pii
840 1249 999 1322 tempora.
1021 1239 1096 1301 Vs-

60 1343 210 1386 ass1us.
234 1323 394 1388 Henricus
406 1323 537 1410 quidem
548 1321 681 1386 Savilius
690 1321 732 1386 ad
744 1344 832 1386 oram
844 1321 893 1387 sui
905 1322 1026 1386 codicis
1035 1344 1096 1408 pro

55 1408 189 1494 διαδοχὴν
201 1407 329 1494 scripsit
344 1407 490 1496 διατριὸὴν,
503 1431 600 1494 quam
614 1407 870 1472 emendationem
885 1409 1094 1472 necessariam

48 1500 176 1579 'putans
191 1494 338 1558 Valesius
353 1495 398 1559 sic
414 1496 531 1558 Graeca
544 1493 716 1570 transtulit,
732 1493 861 1556 Romam
876 1515 943 1557 vero
960 1516 1029 1557 cum
1043 1517 1095 1558 ve·

55 1577 182 1658 nissen,
197 1579 300 1643 mansi
319 1579 361 1642 im·
380 1579 465 1664 apud
477 1578 655 1643 Anicetum.
699 1580 782 1665 Quae
801 1577 931 1663 quidem
953 1580 1054 1643 versio
1068 1581 1096 1644 si

46 1664 160 1750 'proba
174 1664 226 1744 sit,
238 1664 320 1728 hanc
336 1680 478 1729 nostram
494 1664 713 1751 conjecturam
728 1663 769 1727 de
784 1664 973 1750 Hegesippo
988 1665 1097 1730 fundi-

47 1764 112 1815 ·tus
127 1750 240 1815 evertit
251 1776 261 1830 ς
284 1749 340 1814 sed
361 1765 411 1815 est
431 1751 525 1814 nimis
545 1750 715 1814 manifesto
737 1749 883 1814 detorta:
907 1772 979 1813 narn
993 1749 1097 1838 μέχρις

46 1836 214 1913 Ἄνικῆτου,
236 1836 321 1920 apud
339 1836 516 1915 Anicetum,
538 1856 702 1922 nunquam
724 1848 839 1900 sonat:
862 1833 933 1944 oixpr
955 1849 988 1900 et
1037 1835 1045 1860 ‘
1069 1863 1096 1923 ps

47 1922 175 1987 Graece
195 1922 283 1986 aliud
304 1921 485 2007 significat:
515 1923 637 2009 Hesyc.
659 1919 761 2008 μέχρι,
784 1921 832 1997 ἕως
852 1948 931 1996 τινος.
968 1921 1025 1986 Sui
1050 1944 1096 2003 as,

48 2004 79 2068 ei
103 2033 142 2091 pr,
157 2009 280 2072 demirari
294 2007 394 2094 μέχρι,
409 2007 466 2082 ἕως.
503 2009 581 2071 Lex.
599 2009 807 2071 Graeco-Lar.
825 2005 912 2094 μέχρι
932 2014 986 2086 νῦν,
1000 2023 1097 2096 usqae

56 2033 170 2171 Aius,
190 2107 223 2158 et
242 2093 330 2178 μέχρι
351 2094 574 2179 sedeamusque
594 2116 637 2156 eo.
673 2095 751 2157 Lex.
767 2092 893 2180 Cyrilli,
906 2093 994 2180 μέχρι
1009 2096 1095 2182 δεῦρο,

50 2178 147 2264 μέχρι
161 2176 222 2259 ὦδε,
238 2179 288 2254 ἕως
301 2183 349 2243 τοῦ
364 2184 417 2242 νῦν.
454 2181 564 2266 Quare
577 2178 664 2265 μέχρι
678 2177 823 2256 'Alexiroe
838 2201 903 2242 non
917 2181 1021 2264 magis
1039 2203 1095 2244 so-

56 2278 116 2329 nat
124 2265 215 2350 ‘apud
223 2265 402 2344 Anicetum,
416 2265 449 2328 in
469 2265 571 2328 verbis
590 2263 782 2350 Hegesip'pi,
802 2287 899 2349 quam
917 2265 1005 2351 μέχρι
1025 2266 1096 2329 Ῥώ-

55 2376 125 2431 μης,
144 2373 164 2415 a
186 2351 230 2415 ed
250 2351 391 2428 Romam,
411 2349 509 2436 paulo
528 2363 603 2414 ante
623 2350 656 2413 in
677 2349 778 2413 verbis
801 2350 941 2414 Eusebii.
972 2352 1094 2438 ¹Quam

46 2365 235 2501 absurdum
249 2437 334 2501 enim
349 2449 444 2514 esset,
458 2436 570 2527 siquis
587 2435 643 2500 illa
657 2435 837 2498 Eusebiana
850 2436 890 2500 de
904 2437 1096 2524 Hegesippo

56 2522 213 2604 ἀποδημίαν
226 2522 382 2604 ςειλᾶμενος
395 2520 483 2608 μέχρι
495 2520 614 2603 Ῥώμης,
630 2521 676 2584 sic
690 2521 890 2605 interpretari
904 2522 1011 2601 vellet,
1025 2545 1096 2587 mm

47 2609 145 2691 'apud
166 2607 307 2687 Romam,
331 2606 381 2671 ael
400 2607 524 2687 Romae,
545 2605 818 2706 profimseeretar?
849 2607 941 2672 Vidit
964 2608 1027 2672 hoc
1049 2609 1095 2674 vir

56 2693 362 2778 perspicacissimus,
384 2693 523 2779 ideoque
544 2716 577 2756 1n
598 2692 868 2771 annotationibus,
887 2694 1003 2779 quibus
1025 2715 1095 2761 ver·

49 2778 185 2843 'sionem
205 2802 295 2845 suam
314 2790 371 2842 aut
391 2779 562 2864 corrigere,
576 2793 633 2842 aut
645 2777 789 2843 emollire
803 2778 897 2857 solet,
911 2779 1007 2846 tradit
1023 2781 1095 2845 He·

55 2864 231 2963 gesippum
259 2875 384 2929 tantum
410 2864 537 2942 dixisse,
565 2863 605 2928 Se
628 2864 737 2927 Romae
761 2864 911 2928 mansisse
933 2888 1032 2953 asqrre
1052 2867 1097 2933 ad

47 2952 154 3014 Ponti
178 2961 283 3014 catum
302 2949 454 3015 Aniceti.-
487 2949 586 3038 Quod
612 2963 648 3013 ut
674 2949 783 3035 aliquo
810 2950 911 3014 modo
938 2964 1093 3032 tueretur,

49 3033 132 3099 ¹addi
156 3036 192 3115 it,
207 3036 336 3100 Romam
355 3058 427 3122 ergo
447 3046 571 3099 neaeram
595 3035 788 3122 Hegesippas
807 3035 861 3099 snb
883 3048 1022 3101 extrema
1039 3038 1095 3103 Pii

56 3130 209 3205 tempora,
223 3121 291 3185 sine
305 3120 370 3185 ulla
387 3120 568 3198 autoritate,
583 3134 638 3185 aut
652 3121 944 3200 verisimilitudine3
967 3136 1000 3188 et
1013 3144 1094 3187 cou-

53 3221 109 3271 tra
122 3228 302 3294 expressam
319 3206 508 3271 sententiam
525 3207 664 3284 Eusebii,
678 3219 711 3270 et
727 3207 929 3293 Hieronymi,
946 3208 1002 3292 qui
1015 3231 1093 3273 eum

46 3312 124 3356 *non
138 3293 199 3357 sub
215 3293 282 3371 Pio,
297 3291 353 3356 sed
367 3293 427 3357 sub
444 3292 581 3355 Aniceto
596 3294 732 3355 Romam
751 3292 873 3355 venisse
891 3292 1008 3358 diserte
1026 3306 1094 3359 tra·

47 3376 153 3442 dunt.
189 3377 276 3443 Cum
298 3379 398 3463 igitur
418 3376 473 3440 illa
494 3377 646 3464 marginis
669 3377 848 3441 observatio
869 3377 901 3442 in
922 3378 983 3443 hos
1003 3402 1092 3444 erro·

46 3484 111 3527 ses
128 3475 255 3535 tautum
273 3464 375 3528 virum
396 3463 574 3541 deduxerit,
596 3485 670 3526 curn
691 3462 791 3525 MSS.
810 3464 953 3542 codiceS,
973 3467 1091 3551 quibus

54 3568 136 3613 usus
151 3563 230 3628 erat,
245 3549 325 3613 nihil
337 3548 401 3613 tale
415 3549 476 3634 ipsi
492 3549 731 3634 suggesserint3
754 3569 828 3612 cum
845 3550 1004 3615 Robertus
1018 3553 1091 3616 Ste-

48 3633 183 3718 phanus
202 3635 235 3699 in
251 3635 380 3698 vetustis
396 3635 562 3698 codicibus
581 3633 701 3698 nullam
722 3632 774 3698 hic
795 3635 942 3700 lectionis
958 3637 1091 3703 varieta-

55 3733 127 3782 tem
142 3719 414 3797 animadverterit3
430 3741 504 3783 cum
520 3718 674 3798 Rudinus,
689 3719 745 3806 qui
759 3721 789 3784 ei
803 3720 936 3806 praeivit,
951 3735 1018 3785 tam
1031 3723 1090 3787 ab·

55 3804 155 3869 surde
179 3804 288 3870 locum
314 3804 520 3884 transtulerit,
546 3806 624 3869 Cam
650 3817 753 3868 antem
780 3805 1092 3887 venissemRomam,

50 3890 215 3976 permansi
226 3889 269 3954 ibi
280 3888 508 3954 donccAniceto
522 3891 621 3968 Soter,
630 3901 661 3953 et
674 3889 776 3955 Soteri
787 3892 927 3956 seccessit
939 3892 1091 3958 Elaetlee·

53 3997 124 4054 ress,
138 3975 225 4041 aliud
240 3977 280 4040 ali
305 3974 361 4039 uid
376 3975 426 4040 his
440 3975 542 4039 verbis
558 3976 728 4062 significari
743 3976 858 4041 sentio.

104 4061 202 4126 Certe
226 4000 381 4126 Halloixii
405 4061 541 4125 effraenis·
564 4061 692 4125 licentia
711 4062 744 4125 in
766 4061 829 4128 hoc
850 4061 925 4127 loco
945 4084 1091 4128 corrum-

54 4147 166 4234 pendo
187 4146 318 4225 minime
339 4147 470 4212 ferenda
488 4161 548 4227 est,
563 4147 618 4232 qui
639 4147 743 4232 primo
757 4147 927 4235 supposuit
940 4147 1027 4213 hunc
1041 4148 1093 4212 lo-

46 4254 136 4301 ·eum
154 4233 246 4301 valde
264 4248 452 4320 corruptum
475 4254 545 4298 esse
563 4233 595 4298 in
617 4232 739 4303 Graecis
759 4232 1005 4321 exemplaribus,
1018 4254 1096 4320 pesp,

552 4340 574 4384 R
587 4333 606 4384 2
