2716 4748
125 302 190 385 ¹⁸4
462 292 823 365 ANNOTATIONFS

123 471 199 535 dem
210 468 288 531 urbs
301 466 503 553 temporibus
513 466 576 531 illis
589 468 683 531 Ponti
695 464 884 551 metropolis
894 464 968 529 fuit.
992 465 1081 535 Cum
1093 463 1155 535 vo

124 554 198 617 serii
211 552 344 638 quidem
358 554 514 617 sententia
527 574 592 615 non
607 567 730 638 pugnat
748 551 881 615 Eusebii
898 551 990 615 locus
1009 553 1054 617 ad
1067 574 1097 617 c.
1109 569 1157 621 21.

123 637 223 725 hujus
246 638 303 701 lib.
328 638 455 701 etiamsi
477 637 650 701 lectionem
677 650 869 722 praesentem
897 638 1081 716 semoveris,
1104 636 1159 703 ubi

123 744 190 785 uua
210 724 472 787 commemoratis
493 722 652 807 Philippo,
673 720 864 806 Apollinari,
887 720 1062 798 Melitone,
1080 722 1160 801 eliis,

125 808 272 895 Pinptus,
287 828 352 870 non
368 807 544 891 Philippus,
557 806 738 892 appellatur
753 810 807 868 τῶν
819 806 862 867 ἐπὶ
877 806 989 903 Κςῆης
1003 806 1160 881 ἐπίσκοπος.

124 890 177 955 Ibi
191 893 289 969 onim,
304 906 342 955 ut
354 906 440 955 recte
455 892 577 955 notavit
595 890 788 967 Halloixius‚
801 890 960 953 Eusebius
970 911 1014 954 eo
1028 890 1099 955 vult
1109 890 1159 957 in·

123 976 244 1053 dicare,
258 978 290 1039 in
304 998 369 1061 qua
382 998 415 1039 re
441 976 514 1039 'one
534 975 630 1039 fuerit
652 972 787 1061 Piuytus
800 974 984 1071 episcopus,
998 996 1117 1061 nempe
1130 976 1161 1041 in

126 1059 237 1124 Creta.
259 1062 356 1123 Tom.
368 1060 402 1122 ii.
453 1060 504 1121 itt.
520 1062 589 1123 ΡΡ.
604 1081 637 1144 p.
649 1070 720 1137 789.
735 1059 769 1122 iu
784 1060 910 1144 Pmyto.
948 1059 998 1122 At
1021 1081 1065 1125 ue
1085 1081 1161 1125 euu-

122 1142 198 1207 dem
219 1144 251 1205 in
275 1143 409 1206 modum
430 1144 516 1207 idem
536 1142 680 1251 loquitur
697 1143 857 1207 Eusebius
869 1142 927 1206 lib.
938 1142 991 1206 vii.
998 1081 1161 1213 qustdm

122 1240 220 1289 eunte
233 1248 304 1311 cap.
316 1240 366 1290 24.
379 1227 480 1302 Νέπως
495 1227 525 1305 ἦν
540 1233 687 1301 irinum
707 1232 762 1290 soie
782 1231 846 1291 κατ’
860 1225 1007 1312 dimise,
1019 1229 1078 1313 qul
1090 1228 1160 1317 qul·

122 1309 196 1372 deur
219 1311 334 1409 Nepos
353 1313 429 1376 sede
443 1313 660 1377 Alexandrina
673 1312 871 1409 AEgyptiaea
886 1313 1062 1398 metropoli
1081 1336 1161 1413 puu-

120 1396 1162 1577 &witti-itti&tltlltfflss‘dttttltti

121 1564 245 1629 lebrem
260 1568 460 1632 Baraterium
471 1569 505 1631 in
516 1568 651 1633 Dissert.
664 1568 698 1631 ii.
711 1568 762 1629 De
778 1568 910 1630 Constat.
921 1568 1036 1651 Apost.
1047 1588 1082 1653 p.
1093 1575 1161 1645 267.

122 1651 155 1730 ᾗ.
165 1664 197 1714 4.
209 1651 251 1715 de
265 1652 403 1750 Philippi
417 1653 503 1717 illius
514 1653 704 1737 episcopatu
716 1651 806 1714 idem
819 1671 948 1713 mecum
959 1651 1160 1717 sentientem.

120 1740 144 1855 z:
157 1736 257 1881 ee
274 1736 472 1882 pop
487 1736 638 1881 tet?
653 1736 861 1882 titum
879 1736 1160 1885 uersu·

120 1906 144 1939 “
158 1840 639 1987 durm‚1plsu⁰:ioipoe.r1r6oeppl.lses.
647 1842 1055 1990 episcdpldiiimmgeslieritl'
1080 1843 1161 1907 gen.

165 1986 200 2047 P.
217 1998 283 2058 170.
302 1984 327 2047 l.
341 1991 388 2049 16.
407 1989 455 2047 ὅτι
469 1987 500 2051 dir
514 1989 556 2047 ivi
571 1988 709 2072 σλείςαις]
723 1990 774 2052 lia
788 1989 818 2051 le
844 1989 909 2053 'tur
922 1989 957 2053 lu
969 1987 1085 2053 codloe
1098 1990 1161 2055 Re·

145 2070 188 2133 io.
212 2067 276 2131 Sed
291 2081 356 2131 tres
368 2069 496 2155 reliqui,
507 2071 597 2135 lllsz.
610 2071 744 2151 scilicet,
755 2075 794 2136 M
841 2086 896 2137 .et
909 2073 994 2137 Fult.
1007 2075 1160 2160 scriptum

119 2091 241 2217 {abent
254 2155 291 2227 ὥς
302 2151 336 2215 ἂν
351 2155 394 2215 ἐπὶ
408 2155 547 2233 sneisane,
561 2154 651 2241 quod
664 2157 749 2220 idem
764 2172 825 2222 est.
841 2159 1050 2223 VALEsws.
1075 2156 1161 2225 Cum

119 2238 171 2301 his
193 2238 354 2302 consentit
376 2239 454 2303 MS.
483 2239 581 2304 Sosii.
609 2263 666 2304 seu
696 2242 792 2306 Bodl.
820 2264 897 2305 cum
925 2241 1025 2328 Regio
1051 2256 1159 2309 autem

120 2324 240 2388 MStus
253 2323 394 2408 Norfolc
437 2325 601 2388 Habuisse
618 2338 727 2389 autern
743 2329 785 2388 ἐπὶ
802 2331 865 2399 ταῖς
886 2326 1021 2401 enclesis
1039 2346 1101 2412 pro
1118 2330 1161 2392 inl

119 2423 180 2471 ot.
199 2410 339 2473 Codicem
357 2408 531 2474 Castellani
551 2409 682 2493 episcopi
705 2411 846 2474 ostendit
865 2411 1034 2496 Readingii
1051 2412 1160 2477 editio.

121 2493 286 2558 Caeterum
304 2494 435 2580 Rufinus
449 2497 481 2559 in
495 2495 651 2559 Versione
667 2517 724 2559 sua
739 2494 901 2559 transtulit
915 2497 957 2558 ab
972 2496 1108 2563 ecclesia
1120 2497 1162 2567 ad

120 2578 225 2662 Philip
250 2603 306 2642 um
320 2581 509 2665 episcopum
523 2579 653 2643 laudem
669 2580 876 2644 fortitudinis.

165 2663 214 2724 Ibi
240 2710 247 2723 .
270 2664 292 2725 l.
316 2678 366 2725 20.
397 2666 560 2742 Βακχυλίδου
587 2667 632 2741 pir
660 2666 704 2723 nal
728 2665 864 2747 Ἐλπῖςου]
891 2664 1056 2737 ’Etenim
1084 2664 1160 2732 MS.

41 2792 46 2799 -
120 2745 261 2830 Norsolc.
306 2749 417 2810 Hosce
431 2750 514 2811 viros
530 2745 724 2832 quibusdam
744 2748 778 2810 in
799 2751 903 2812 Ponto
918 2749 1063 2813 ecclesiis
1078 2772 1161 2835 pre-

120 2830 251 2906 sedisse,
271 2844 439 2928 autumare
461 2854 495 2895 se
517 2833 564 2895 ait
587 2832 780 2896 Halloixius.
813 2834 846 2897 V
844 2833 896 2897 itt.
914 2836 982 2897 ΡΡ.
1007 2834 1161 2901 Orientol.

119 2927 484 3083 P·I7ffit(l>·1¹¹2·ll·¹·amr]
512 3004 589 3084 αὐτῷ
620 3002 694 3083 (for.
722 3003 824 3081 αὐτῶν)
853 3002 929 3065 MS.
958 3001 1052 3067 Bodl.
1081 3002 1161 3069 dum

119 3084 737 3253 stultum
752 3086 999 3254 ..m
1018 3171 1151 3255 Π...

192 3216 200 3231 .
278 3217 286 3232 .
322 3218 330 3233 .
370 3218 377 3231 .
464 3200 517 3246 μαι
734 3218 742 3231 .
863 3219 871 3234 .
1151 3220 1161 3239 ,

121 3254 263 3319 Palmam
279 3255 445 3339 prefuisse
467 3196 580 3317 auctdr
600 3267 651 3318 est
672 3255 832 3318 Eusebius
848 3256 904 3319 lib.
919 3279 948 3319 v.
964 3255 1054 3319 Hist.
1069 3278 1100 3321 c.
1111 3273 1161 3323 2³.

120 3350 159 3404 ut
187 3338 364 3402 maximum
394 3352 482 3417 natu,
512 3339 650 3402 concilio
679 3339 904 3423 episcoporum
938 3340 1160 3421 Ponticorum,

120 3424 199 3489 dum
218 3422 346 3507 vigebat
365 3425 578 3488 controversia
600 3423 760 3509 paschalis
773 3425 915 3489 Victoris
938 3426 1078 3491 Romani
1092 3429 1161 3514 epi·

120 3508 211 3593 scopi
226 3507 435 3592 temporibus.

164 3592 248 3657 lbid.
263 3591 328 3655 l.3.
350 3595 395 3654 nal
418 3594 464 3660 rire
486 3594 514 3665 ἓξ
536 3597 594 3661 οἶίις
618 3593 645 3652 l’
669 3592 711 3653 oris
732 3594 896 3663 invidetne
913 3593 986 3678 δια]
1005 3596 1056 3659 En
1070 3597 1160 3684 xp&-

119 3706 234 3762 ταγμα,
257 3699 313 3740 seu
337 3676 522 3739 mandatum
553 3676 735 3762 episcopale
764 3674 805 3738 de
833 3678 1023 3764 recipiendis
1050 3681 1161 3767 lapsis,

120 3763 267 3841 moechis,
295 3761 464 3839 haereticis,
489 3762 623 3846 aliisque
651 3782 708 3846 per
735 3760 957 3844 poenitentiam
987 3768 1161 3832 conversis.

121 3852 267 3915 Pearson.
304 3847 402 3911 Vind.
419 3848 480 3930 Ep.
496 3847 604 3930 lgnat.
620 3859 702 3930 part.
718 3846 750 3908 ii.
769 3868 803 3930 p.
817 3861 868 3923 95.
888 3870 908 3910 a
928 3850 1158 3916 Rsrmucro

120 3934 246 3998 allatus.
290 3934 342 3997 De
360 3932 457 3994 veteri
474 3930 560 3993 circa
578 3930 766 4016 hujusmodi
784 3947 968 4014 peccatores
990 3933 1161 4020 disciplina

120 4018 224 4083 multa
238 4028 347 4080 extant
362 4038 436 4079 cum
452 4016 539 4094 alibi,
555 4032 625 4079 tum
641 4015 728 4100 apud
746 4014 940 4100 Cyprianica
962 4017 1017 4082 illa
1039 4018 1161 4084 Conci·

119 4105 165 4177 lia
184 4125 257 4190 quae
280 4101 313 4164 iu
334 4099 559 4179 voluminibus,
575 4101 602 4166 si
626 4102 717 4166 Deus
739 4098 836 4164 vitam
858 4102 1001 4190 viresque
1022 4103 1160 4186 dederit,

164 4221 168 4236 =
187 4219 189 4221 >
212 4185 367 4253 secuturis
382 4183 527 4253 edentur.
