2716 4748
259 303 328 388 po
469 348 473 357 ,
545 282 957 387 ,11110111101111
1053 320 1063 347 .-

260 452 377 525 loixius
391 451 472 532 ἔςησε
489 474 548 540 pro
566 454 671 536 ἔκτισε,
684 466 717 520 et
730 476 842 520 vocem
862 458 924 520 vair
943 465 1017 520 ante
1033 456 1081 520 vat
1095 455 1244 543 ωροφῆτας
1257 474 1296 541 ex

258 540 342 606 inter
365 539 518 604 retatione
538 541 645 606 Rufini
666 553 831 628 putaverat
852 541 1075 627 supplendam,
1090 541 1148 606 sed
1167 538 1301 622 melissi

259 627 325 703 nif
364 649 411 705 or,
425 647 475 690 res
489 625 710 692 administrata
724 642 774 692 est
787 649 807 691 a
818 626 961 706 Valesio,
976 640 1190 714 praeterquam
1207 629 1297 716 quod

257 710 338 785 illud
352 711 493 797 γενόμενος
506 711 547 776 de
559 714 672 799 agonis
692 713 904 792 institutione,
919 736 983 778 non
998 713 1039 777 de
1051 713 1122 798 ipso
1135 714 1296 794 Antinoo,¹

256 797 383 863 videtur
395 797 649 884 intelligendum.
694 800 820 863 Interea
833 799 900 863 sine
913 798 1028 863 idonea
1043 801 1200 865 causaita
1216 801 1295 865 scri-¹

257 883 334 948 bere
355 884 396 948 cl.
413 883 574 951 Baraterio
596 886 699 949 visum
720 898 770 949 est
789 886 821 948 in
836 884 979 971 Disquis.
999 883 1141 949 01111101.
1156 906 1230 1036 cap.
1247 900 1295 949 12.

258 974 280 1039 ‘.‘
295 969 477 1056 Hegesippi
500 969 608 1035 locum
631 993 650 1035 e
671 971 827 1036 memoria
852 971 931 1035 citat
952 970 1121 1049 Eusebius,
1142 993 1188 1035 un
1212 993 1231 1034 e
1251 971 1296 1036 sic

255 1054 360 1140 “fere
372 1053 444 1119 οὕτω
457 1080 521 1130 ung
536 1053 620 1143 loqui
634 1058 859 1143 Hegesippum
874 1056 963 1135 dicit,
977 1070 1011 1121 et
1024 1078 1099 1120 sane
1113 1057 1211 1137 verba
1224 1054 1294 1144 ejus'

254 1145 280 1180 “
293 1140 340 1205 ita
359 1163 433 1206 cum
455 1141 520 1205 suis
540 1142 675 1240 propriis
694 1142 874 1221 confundit,
894 1155 1013 1207 utnon
1034 1143 1116 1206 bene
1136 1142 1294 1230 distingui

255 1232 279 1266 “
292 1227 427 1313 possint,
442 1239 475 1291 et
489 1225 603 1292 ultrma
617 1227 672 1292 illa
685 1227 725 1294 de
740 1250 846 1315 agone
862 1229 922 1293 &a
940 1229 982 1293 ad
1003 1228 1182 1293 Eusebium
1195 1230 1294 1316 perti·

255 1318 279 1353 “
295 1334 369 1377 nere
382 1311 519 1377 dicenda
532 1313 627 1378 sint.''
650 1316 684 1378 P.
699 1331 766 1394 159.
1286 1322 1292 1331 '

299 1399 333 1462 P.
345 1413 414 1462 202.
429 1399 452 1463 1.
467 1405 514 1463 16.
525 1436 528 1441 <
538 1403 564 1461 in
578 1429 606 1462 ve
619 1409 665 1462 τοῦ
679 1402 740 1462 καθ’
757 1399 876 1483 Ἐςςαίες
896 1404 1035 1475 εὖαγγιλίυ
1048 1399 1094 1460 nai
1109 1407 1154 1460 τοῦ
1168 1408 1292 1479 inpransi,

253 1485 300 1563 gal
322 1486 388 1554 111ος
411 1485 485 1634 &oy
512 1483 564 1549 Cl.
585 1484 766 1550 Lardnerus
787 1483 871 1548 libro
885 1485 936 1546 De
956 1482 1033 1546 Fide
1053 1482 1141 1547 Hist.
1164 1484 1291 1571 Evangt

254 1568 338 1636 Part.
351 1568 384 1633 ii.
399 1570 456 1637 lib.
489 1592 584 1657 .cap.
600 1584 646 1635 14.
668 1570 747 1635 dum
769 1569 855 1634 hunc
873 1567 983 1633 locum
1002 1567 1202 1633 malesanum
1222 1590 1291 1634 esse

252 1655 444 1742 suspicatur,
457 1669 579 1722 rectum
602 1657 843 1742 genuinumque
864 1653 934 1741 ejus
958 1675 1086 1718 sensum
1107 1656 1148 1720 ab
1171 1655 1290 1721 Hiero·

252 1761 355 1827 nymo
370 1743 544 1828 petendum
584 1755 663 1822 utat,
679 1742 735 1828 qui
750 1741 840 1806 initio
854 1740 911 1805 lib.
921 1740 966 1804 iii.
980 1739 1051 1804 adv.
1064 1739 1231 1828 Pelagius.
1246 1741 1291 1805 ita

252 1826 379 1891 scribit:
395 1828 433 1895 In
444 1763 601 1915 evangeiio
608 1829 709 1912 jamia
720 1826 880 1905 Hebraeos,
891 1826 973 1912 quod
987 1823 1151 1890 Chaldaico
1166 1827 1289 1914 quidem

254 1910 279 1990 S
301 1934 394 1998 voque
407 1935 553 1993 sermone,
568 1913 621 1977 sed
636 1913 799 1977 Hebraicis
813 1911 913 1976 literis
926 1910 1076 1996 scriptum
1090 1922 1146 1976 est.
1172 1915 1289 1998 Neque

259 2072 261 2077 Ι
287 1997 316 2060 'a
334 1997 457 2062 ratione
477 2019 544 2062 rem
565 1999 732 2084 explicavit
754 1997 880 2062 Millius
895 1995 1044 2085 Prolegg.
1060 1997 1094 2060 ia
1108 1997 1189 2062 Non.
1208 1999 1288 2064 Test'.

250 2103 285 2168 p.
298 2105 327 2146 v.
339 2082 391 2146 ed.
405 2083 510 2148 Oxon.
525 2085 581 2170 qui
594 2085 650 2164 ait,
667 2091 689 2124 “
699 2084 832 2148 Editum
846 2096 915 2147 erat
928 2083 991 2147 hoc
1006 2082 1209 2168 evangelium
1223 2106 1288 2149 ser'·

251 2174 275 2249 ‘.‘
290 2190 387 2232 mone
401 2190 513 2234 eorum
530 2171 698 2235 vernaculo
713 2170 868 2248 Hebraeo,
881 2191 937 2233 seu
951 2190 990 2231 ex
1004 2168 1166 2233 Hebraico
1181 2184 1215 2233 et
1229 2169 1289 2256 Sy-

250 2259 275 2294 “
289 2255 375 2318 riaca
384 2255 495 2341 lingua
505 2257 623 2336 mixt03
640 2256 767 2320 undeet
779 2255 947 2342 Syriacum
960 2255 999 2319 ab
1011 2255 1153 2319 Eusebio
1164 2253 1288 2320 dictum

251 2346 275 2379 “
290 2343 366 2404 est.”
384 2341 447 2405 hoc
461 2342 610 2406 nimirum
625 2342 715 2419 loco;
727 2342 835 2427 inquo
846 2340 925 2403 nihil
938 2341 1071 2403 fortasse
1082 2340 1287 2418 mutandum,

249 2439 339 2490 vetus
352 2429 437 2490 enirn
450 2429 603 2512 interpres
614 2428 744 2514 Rrfinus
754 2427 857 2506 vertit,
866 2426 1022 2489 Disseruit
1034 2437 1136 2488 autern
1146 2426 1184 2489 de
1195 2450 1287 2490 evon-

247 2511 330 2599 gelio
349 2514 512 2576 secandum
528 2513 677 2578 Hebraeos
692 2525 721 2576 et
739 2514 841 2598 Syros.
885 2515 928 2575 Et
948 2512 989 2575 de
1007 2511 1149 2575 versione
1174 2514 1288 2576 Graeca

249 2598 400 2684 quadam,
411 2613 448 2662 ut
457 2599 589 2678 videtur,
601 2601 656 2663 sed
668 2600 780 2664 veteris
792 2599 985 2675 testamenti,
995 2596 1040 2660 ita
1051 2597 1180 2661 locutus
1193 2620 1288 2683 supra

249 2695 297 2747 est
312 2684 431 2748 Melito
446 2685 479 2746 in
495 2687 688 2769 Fragmento
705 2687 764 2749 IV.
786 2689 800 2745 ὁ
821 2684 910 2770 Σύρος-
930 2685 977 2746 val
996 2689 1010 2744 ὁ
1029 2680 1160 2768 Ἑὲςαῖος
1180 2685 1286 2770 κρεμά-

248 2768 326 2851 μενός
347 2788 436 2848 φησιν.
464 2769 540 2832 Vid.
557 2793 631 2855 pag.
648 2785 714 2834 118.
754 2770 918 2833 Caeterum
939 2783 1051 2832 monet
1071 2769 1237 2832 Fabricius
1255 2770 1286 2832 in

248 2851 400 2918 Bibliotlr.
421 2854 478 2915 Gr.
493 2854 555 2920 vol.
568 2857 610 2918 ix.
626 2879 657 2941 p.
670 2863 740 2919 256.
755 2855 805 2919 ed.
827 2878 927 2932 novae,
949 2853 1134 2917 discendum
1157 2877 1229 2918 esse
1250 2877 1288 2920 ex

247 2938 443 3024 Hieronymi
465 2939 549 3019 loen,
573 2941 736 3026 evangelia
765 2940 917 3004 Matthaei
943 2941 1095 3019 Hebraea,
1124 2962 1197 3026 quae
1224 2941 1290 3005 cir-

247 3024 481 3103 cumferuntur,
495 3047 563 3089 esse
579 3027 811 3091 commentitia.

292 3109 376 3175 Ibid.
399 3112 444 3170 καὶ
460 3113 525 3180 illo,
540 3121 566 3174 ἐκ
580 3120 624 3180 τῆς
638 3113 780 3194 161011ος]
796 3113 832 3174 ln
848 3133 906 3175 sua
917 3112 1060 3175 oratione
1076 3111 1288 3198 Hegesippus

245 3196 402 3265 vocabula
417 3196 564 3280 quaedam
582 3197 744 3261 Hebraica
756 3199 879 3260 Graecis
894 3197 992 3260 literis
1005 3198 1181 3276 extulerat3
1198 3199 1287 3284 quod

247 3282 379 3367 quidem
394 3282 588 3366 conjecturae
604 3283 661 3346 viri
675 3283 763 3346 docti
777 3283 818 3345 de
832 3283 905 3367 θύρᾳ
920 3304 1014 3368 supra
1029 3282 1070 3346 ad
1084 3304 1117 3369 p.
1128 3297 1200 3347 218.
1217 3307 1287 3348 me·

245 3382 380 3430 moratae
396 3368 498 3429 favere
513 3371 624 3454 possit.

292 3453 374 3516 Ibid.
398 3451 420 3514 l.
436 3467 485 3514 20.
507 3459 649 3536 waltgero
671 3455 781 3538 capiar]
811 3454 1032 3538 Hieronymus
1059 3453 1091 3516 in
1119 3453 1286 3520 Chronico

246 3536 443 3624 Olympiade
460 3544 526 3601 136.
548 3552 581 3601 et
602 3539 634 3602 in
656 3540 842 3623 praefatione
857 3539 897 3602 ad
912 3540 1077 3624 proverbia
1091 3541 1287 3619 Salomonis,

244 3623 363 3705 librum
382 3621 544 3708 sapientiae
560 3625 640 3687 Jcsu
653 3624 708 3687 filii
724 3625 847 3703 Sirach,
863 3624 1021 3712 navigera
1037 3625 1191 3710 appellari
1207 3628 1285 3690 scri-

245 3710 304 3772 bit.
349 3710 470 3771 Eadem
497 3730 593 3794 porro
621 3709 744 3772 ratione
767 3711 934 3795 proverbia
960 3710 1142 3773 Salomonis
1165 3724 1286 3776 veteres

246 3794 446 3881 appellarunt
461 3794 617 3879 ωανάρετον
638 3796 745 3875 σοφίαν.
790 3796 919 3882 Quippe
940 3795 1021 3858 liber
1043 3796 1098 3858 ille
1119 3797 1285 3881 sapientiae

244 3880 322 3957 ,lesu
336 3878 390 3941 filii
408 3879 530 3958 sirach,
545 3879 630 3963 apud
645 3881 804 3944 Hebraeos
820 3882 981 3966 parabolae
1001 3881 1197 3960 inscribitur,
1213 3905 1286 3967 per·

243 3965 319 4041 inde
341 3986 378 4027 ac
400 3965 479 4027 liber
501 3965 740 4049 proverbiorum
769 3966 961 4030 Salomonis,
1006 3968 1049 4028 Et
1071 3967 1285 4051 quemadmo-

243 4051 322 4117 dum
348 4049 500 4113 Salomon
523 4064 595 4134 post
618 4052 786 4134 parabolas
809 4053 977 4136 scripserat
997 4052 1227 4115 Ecclesiastem
1251 4067 1285 4116 et

240 4137 403 4199 canticum
426 4135 645 4199 canticorum:
668 4136 713 4200 sic
736 4137 832 4201 etiarn
856 4136 1012 4200 Siracides
1034 4138 1194 4222 parabolis
1217 4139 1283 4202 suis

236 4221 471 4302 Ecclesiastem
501 4235 535 4289 et
561 4221 724 4288 canticum
758 4222 906 4311 exemplo
942 4222 1124 4289 Salomonis
1153 4223 1284 4313 adjecit.
