2716 4748
375 646 379 653 .
423 486 997 623 Aunomrronss.

198 776 203 785 ·
298 749 302 757 '
332 772 395 857 111
422 774 706 869 1111131111
734 716 1109 857 FRAGMENTA.
1143 746 1164 911 J

574 1030 836 1067 ⁸*—
868 1066 871 1071 ,

239 1203 273 1268 Ρ.
292 1219 358 1283 191.
378 1203 401 1268 l.
416 1210 447 1269 6.
471 1204 861 1271 Couusursnrosnn
890 1222 1054 1268 ncruuu
1084 1202 1225 1269 Eccns·

195 1292 330 1376 susm]
349 1290 387 1353 In
400 1288 457 1355 lib.
470 1290 510 1355 11.
526 1290 695 1355 Hist.'suae
710 1291 866 1355 Eusebius
886 1289 927 1353 de
947 1286 1130 1375 Hegesippi
1145 1286 1225 1353 eele-

192 1373 334 1439 berrimo
360 1396 456 1462 opere
479 1375 550 1441 haec
572 1376 702 1463 posuit:
728 1378 754 1439 ἐν
778 1374 865 1440 πέντε
886 1376 914 1437 δὲ
936 1373 980 1437 οὖν
1000 1374 1224 1460 συγγράμμασιν

193 1459 270 1536 οὗτος
282 1466 330 1540 τῆν
341 1464 450 1539 ἀπλανῆ
461 1462 620 1550 παράδοσιν
631 1469 679 1526 τοῦ
696 1464 880 1536 ’Ἁποςολνκοῦ
895 1459 1063 1544 κῆρύγμαὶος
1076 1460 1225 1547 &terni

190 1547 319 1625 συντάξει
338 1552 445 1633 γραφῆς
464 1546 764 1632 ὑπομνῆμασνσᾶμονος,
780 1549 841 1612 &c.
875 1546 1039 1634 Quoniam
1056 1566 1135 1611 vero
1153 1566 1223 1632 qun

190 1631 353 1697 Eusebius
377 1633 495 1712 attulit,
520 1633 574 1713 hic
599 1647 632 1698 et
659 1633 735 1714 illic,
758 1633 807 1697 uti
828 1630 878 1699 rei
899 1653 958 1703 sua
979 1644 1078 1729 atque
1099 1629 1222 1697 occasio

190 1718 388 1802 postulabat,
402 1718 435 1782 in
445 1716 594 1783 ordinem
609 1718 764 1805 redigere,
778 1729 876 1806 prout
895 1716 951 1781 illa
971 1717 1004 1781 in
1024 1737 1097 1803 rpso
1115 1718 1222 1803 Hege-

171 1801 275 1889 sippi
288 1826 311 1871 o
335 1813 387 1867 ere
402 1803 463 1869 sibi
480 1804 614 1885 invicem
633 1805 822 1872 successisse
837 1803 993 1882 videntur,
1007 1824 1073 1888 ego
1092 1816 1223 1867 conatus

190 1908 281 1967 sum3
299 1826 419 1955 iicirco
434 1903 544 1954 notare
558 1890 730 1977 oportebit,
744 1891 849 1977 primo
868 1888 943 1954 loco
964 1886 1118 1953 collocari
1138 1888 1222 1975 Frag-

189 1986 338 2038 mentum
367 1975 408 2038 de
435 1975 529 2041 sectis
559 1975 714 2056 Judaicis,
765 1976 821 2041 uia
869 1972 1020 2039 raeivisset
1047 1970 1084 2038 id
1111 1973 1221 2039 saltem

188 2055 333 2144 bistoriae
356 2060 398 2139 de
416 2074 520 2125 morte
536 2062 662 2139 Jacobi,
677 1999 766 2149 quoi
786 1996 925 2148 probant
944 2082 1017 2147 quae
1037 2058 1071 2123 in
1090 2059 1161 2146 ipsa
1175 2056 1221 2127 di·

188 2156 308 2209 cuntur
321 2144 362 2210 ad
377 2167 410 2231 p.
425 2159 492 2225 193.
508 2139 531 2210 1.
542 2162 573 2211 5.
611 2148 709 2218 Porro
728 2146 875 2234 proximo
894 2144 969 2209 loco
987 2144 1126 2210 alterum
1137 2142 1221 2233 frug·

187 2243 334 2299 mentum
348 2231 423 2296 ideo
436 2231 597 2318 adjectum
613 2245 673 2313 est,
688 2231 775 2320 quod
790 2230 932 2296 haeretici
945 2229 989 2294 ibi
1003 2228 1174 2295 memorati
1184 2250 1221 2296 ex

188 2317 346 2381 sententia
358 2317 497 2382 virorum
513 2317 773 2402 doetissimomm
786 2316 918 2395 Valesii,
934 2315 1035 2394 Cavii,
1048 2314 1219 2395 Dodwellt

188 2423 254 2466 non
271 2402 454 2482 Christiani,
470 2402 525 2468 sed
538 2404 643 2468 Judaei
659 2404 804 2468 videntur
824 2403 939 2481 fuisse3
961 2401 994 2466 id
1015 2400 1104 2488 quod
1122 2400 1218 2466 verbis

187 2486 265 2572 ipsis
280 2489 433 2567 innuitur.
477 2489 611 2576 Alioqui
633 2491 709 2555 satis
730 2502 804 2574 apte
824 2488 925 2552 altera
944 2487 1015 2552 haee
1036 2492 1113 2572 ῥῆσις
1135 2485 1218 2573 sequi

186 2573 346 2638 videretur
372 2575 462 2638 iilam
492 2575 532 2639 de
562 2574 752 2641 Christianis
781 2574 875 2639 sectis
903 2595 943 2637 ex
970 2573 1164 2659 Hegesippo
1189 2572 1216 2636 in

186 2656 243 2722 lib.
260 2660 299 2722 iv.
323 2660 410 2724 Hist.
434 2659 548 2725 Enseir.
572 2683 601 2725 c.
617 2677 665 2724 22.
693 2659 833 2724 allatam.
861 2659 937 2725 Vid.
952 2680 1027 2745 pag.
1042 2673 1112 2721 200.
1152 2659 1217 2722 Irno

186 2744 333 2808 nonnihil
355 2746 488 2809 fortasse
510 2745 705 2811 difficultatis
725 2758 760 2810 et
779 2744 866 2809 istud
887 2744 995 2821 habet,
1018 2743 1163 2808 extitisse
1183 2763 1216 2809 ex

186 2849 324 2892 numero
346 2829 583 2910 haereticorum,
604 2833 709 2918 quiin
731 2830 829 2917 priori
849 2831 923 2918 ῥῆσεν
945 2829 1044 2894 tribui
1059 2828 1155 2893 Judae
1174 2829 1216 2893 in·

186 2912 269 2976 fensi
285 2914 446 2993 dicuntur,
464 2915 610 2987 homines
624 2939 663 2982 ex
677 2918 746 3005 ipsa
763 2916 818 2981 illa
838 2917 924 2982 tribu
939 2913 1104 2995 oriundos,
1119 2914 1215 3002 quiin

185 2997 247 3062 hac
262 2999 360 3064 altera
372 3016 601 3076 memorantur.

230 3084 313 3152 Ibid.
329 3086 350 3150 1.
365 3100 394 3163 7.
411 3085 511 3151 Ἦσαν
525 3090 552 3151 δὲ
566 3090 685 3173 γνῶμυυ]
707 3087 863 3153 Praemisit
882 3087 1051 3166 Eusebius,
1067 3083 1137 3150 Ἔτι
1158 3087 1186 3150 δὲ
1202 3091 1214 3148 ἱ

185 3172 267 3245 αὐτὸς
281 3172 513 3259 (Hegesippus)
532 3175 579 3236 nai
594 3178 645 3248 τοὶς
658 3175 755 3254 emim
774 3173 959 3260 γεγενημένας
978 3176 1064 3259 παρὰ
1082 3172 1214 3246 Ἰουδαίοις

184 3255 298 3339 αἱρέσεις
321 3263 403 3346 ἱςορεὶ
421 3259 522 3343 λέγων·
539 3257 672 3324 ἬΣΑΝ
693 3261 719 3323 δὲ
741 3267 849 3346 γνώμας
864 3261 924 3323 810.
960 3258 1046 3322 Idem
1064 3268 1214 3342 praeteres

184 3341 317 3426 scriptor
331 3356 428 3407 sectas
441 3344 514 3408 illas
528 3368 601 3431 γοα»
614 3346 769 3431 qnondam
784 3344 867 3430 aprtd
878 3344 1005 3408 Jsdaeos
1020 3342 1213 3407 invaluemnt

184 3439 318 3492 recenset
333 3428 380 3494 tis
391 3430 498 3494 verbis.
519 3431 682 3509 ERANT,
696 3430 809 3519 inquit,
822 3429 952 3494 diversae
963 3442 1059 3492 sectae
1074 3427 1135 3493 &o
1157 3426 1212 3492 Ἧ-

184 3536 239 3574 σαν
253 3515 279 3576 δὲ
294 3513 340 3582 κα)
358 3541 404 3598 γν.
425 3515 541 3580 habere
558 3516 774 3600 Nicephorum,
790 3528 882 3580 notat
903 3512 1067 3579 Strothius
1088 3512 1213 3579 Eusebii

185 3596 290 3662 editor
304 3601 502 3666 novissimus}
536 3603 690 3666 Meminit
701 3622 829 3689 quoque
842 3608 896 3664 σῶν
910 3604 981 3663 ter&
993 3597 1125 3686 αἱρέσεων
1140 3604 1166 3664 ἐν
1177 3603 1213 3685 τῆ

184 3688 246 3767 λαῷ
261 3685 292 3748 in
310 3686 515 3772 Fragmento,
530 3686 618 3773 quod
633 3688 673 3752 ad
687 3709 721 3774 p.
740 3703 806 3766 199.
820 3685 924 3773 posui,
939 3685 1154 3771 Hegefippus.

228 3769 311 3833 lbid.
334 3774 360 3833 iv
375 3777 437 3846 υἱοῖς
449 3775 565 3859 Ἰσραὴλ
578 3781 632 3837 τῶν
643 3778 719 3836 κατοὶ
732 3779 779 3850 τῆς
792 3778 877 3854 φυλῆς
889 3769 979 3834 Ἰούδα
994 3770 1042 3834 nai
1055 3775 1092 3834 ssi
1107 3771 1212 3859 Xpt5i]

183 3854 223 3917 In
237 3855 349 3919 codice
364 3859 452 3921 Mas.
467 3859 560 3922 Med.
576 3871 609 3922 et
624 3860 707 3922 Fuk.
726 3859 880 3944 scriptum
898 3855 1003 3921 inveni
1023 3859 1049 3918 ἐν
1071 3860 1137 3930 υἱοῖς
1156 3859 1215 3921 Ἰσ-

201 3940 266 4018 αῆλ·
291 3949 306 4019 ῆ
328 3950 381 4006 τῶν
403 3946 478 4006 κατοὶ
499 3950 547 4021 τῆς
567 3950 651 4025 φυλῆς
670 3943 769 4023 Ἰούδα,
784 3943 850 4008 &a
867 3941 956 4029 quod
977 3942 1056 4027 quid
1079 3942 1143 4007 sibi
1163 3965 1215 4008 ve·

180 3966 221 4089 iit
242 4026 360 4092 nescio.
383 4028 442 4092 nisi
460 4029 544 4093 forte
562 4029 608 4093 ita
629 4029 799 4094 emendare
817 4029 924 4115 placet
943 4031 969 4090 ἐν
990 4031 1054 4101 υἱοῖς
1072 4030 1216 4114 Ἰσραηλι-

180 4119 245 4173 τῶν·
268 4118 344 4177 κατοὶ
369 4119 416 4192 σῆς
442 4120 526 4196 φυλῆς
551 4115 652 4179 Ἰούδα.
685 4115 830 4202 Vulgata
857 4128 965 4179 tamen
988 4110 1086 4176 lectio
1112 4114 1219 4199 magis

179 4195 297 4282 placet,
310 4221 407 4290 quam
429 4213 462 4267 et
484 4200 604 4290 Regius
624 4200 773 4268 coderet
791 4199 997 4290 Nicephorus
1014 4198 1218 4271 confirmant.
