2716 4748
465 287 471 295 ’
581 284 793 360 PAPIAS.

411 508 468 579 Ex
482 510 558 578 libro
574 523 684 601 quarto
700 510 834 597 poedore
851 474 971 595 Operis.
1063 470 1066 475 >

173 714 176 719 -
225 646 335 750 Μέγαι
351 650 512 734 &scetes
528 645 719 754 ὑπόδειγμα
736 646 765 726 ἐν
782 642 868 752 stirp
888 642 934 752 spi
958 640 1075 749 xirpp
1092 671 1203 753 uepre-

174 779 317 874 πάτησεν
342 781 468 866 ’lirim
497 778 651 898 ωςηιθὲις
674 777 744 895 γᾶς
770 780 824 859 int
850 776 979 857 τοσὲτον
997 773 1048 869 τὴν
1075 773 1204 890 πέρκαι,

146 910 151 917 ’
175 914 238 1002 cire
260 910 308 1021 pir
332 912 488 1013 iiranioer
515 906 670 1007 issisti,
690 912 826 1021 ἁμάξης
848 908 971 1025 ῥᾳδίως
993 906 1207 1026 ὢεςχομὲνης,

139 1051 236 1129 stri
251 1028 428 1156 ὁᾶμιῖξης
441 1047 586 1141 istisin,
602 1048 666 1135 ὅςε
679 1047 726 1128 ris
738 1044 964 1151 &uda-miri
979 1040 1205 1140 eumruSrivaq.

178 1190 250 1253 Hac
271 1194 342 1253 olim
363 1194 499 1252 attulerat
516 1192 691 1272 Apollinaris
711 1193 903 1260 Leodiceuus,
918 1199 1017 1248 extant
1033 1199 1128 1247 eutem
1141 1198 1207 1253 eunt

179 1298 246 1359 alibi
257 1309 322 1357 tum
334 1301 410 1378 apud
424 1298 630 1356 (Eeumenium
644 1296 790 1355 Comment.
804 1300 833 1354 in
846 1298 918 1353 Acta
929 1297 1026 1371 Apoet.
1039 1312 1101 1372 eep.
1114 1294 1145 1351 ii.
1198 1282 1201 1291 ¹

217 1446 359 1527 Magnum
392 1450 546 1529 impietatis
573 1468 669 1515 exem·
709 1458 774 1515 set,
791 1467 879 1524 quum
894 1465 991 1503 currus
1010 1445 1094 1504 facile
1115 1455 1209 1514 trans·

181 1531 258 1609 plum
268 1530 465 1588 obambulavit
478 1532 509 1587 in
519 1532 576 1587 hoc
587 1526 671 1586 mun·
719 1529 784 1594 iret,
799 1549 817 1585 a
829 1547 913 1584 curru
931 1546 1080 1605 oppressus
1100 1535 1153 1593 est,
1168 1527 1210 1583 its

134 1612 217 1671 rouo
225 1612 326 1669 Judas.
348 1611 384 1668 In
397 1621 511 1668 tautum
522 1612 598 1667 enim
608 1628 670 1666 oar·
719 1617 752 1665 ut
765 1607 827 1686 ejus
842 1617 939 1684 egesta
951 1608 1058 1664 fuerint
1070 1606 1188 1664 viscera.
1203 1612 1206 1621 ¹

181 1692 344 1750 ueintintus
356 1701 389 1749 ut
400 1693 523 1748 transire
532 1710 593 1748 non
603 1707 670 1768 pos·
1201 1696 1205 1702 '

521 1889 877 1931 ...φ-ι·

448 2068 505 2135 Ex
518 2068 621 2135 eodem
635 2062 711 2132 libro
726 2067 817 2154 hrp‘us
833 2067 952 2155 Operis.
992 2140 995 2145 ⁸
1055 2158 1059 2164 ι
1169 2052 1173 2059 ’

223 2203 595 2292 —Quemadmodum
614 2201 793 2290 Presbyteri
808 2203 1031 2282 meminerunt,
1047 2203 1102 2290 qui
1115 2205 1214 2268 Joan·

184 2335 258 2377 nem
272 2313 465 2399 discipulum
480 2313 617 2387 Domini
630 2311 786 2389 viderunt,
797 2312 922 2379 audisse
935 2334 968 2376 se
980 2313 1020 2376 ab
1035 2334 1086 2392 eo,
1102 2335 1216 2400 quem-

142 2422 361 2490 madmodum
376 2423 416 2487 de
431 2423 631 2509 temporibus
653 2420 715 2485 illis
736 2420 873 2485 docebat
893 2421 1065 2500 Dominus,
1080 2435 1114 2485 et
1130 2421 1217 2486 dice·

183 2531 265 2596 bat:
292 2534 373 2609 ¹(scil.
394 2536 429 2591 de
450 2533 627 2613 temporibus
647 2534 729 2609 regui
749 2533 794 2588 sui
805 2557 813 2603 3
837 2531 961 2589 Irenaeus
983 2541 1078 2606 nutem
1097 2533 1151 2615 istn
1171 2542 1216 2606 nt«.

135 2700 140 2717 .-
184 2643 253 2700 tulit
272 2643 324 2700 lib.
344 2663 371 2699 v.
396 2643 499 2699 Contra
518 2644 649 2709 Haereser,
666 2660 729 2719 cap.
743 2642 844 2698 xxxiii.
864 2661 892 2719 p.
905 2642 975 2699 333.
996 2640 1040 2698 ed.
1060 2640 1214 2699 Massueti:

138 2722 144 2731 ι
185 2747 306 2805 dubium
330 2757 436 2815 autem,
461 2767 499 2804 an
522 2747 580 2803 huc
601 2765 690 2822 usque
715 2745 839 2802 lrenaeus
864 2747 936 2823 ipse,
960 2766 997 2803 an
1023 2746 1143 2825 Pupieni
1166 2766 1218 2813 ‚ex-

185 2854 277 2930 cerpti
291 2853 357 2911 inde
371 2853 485 2908 initium
498 2852 536 2908 sit
549 2853 571 2925 :)
594 2847 734 2911 Venient
748 2846 827 2926 dies,
841 2848 874 2911 in
887 2849 1005 2934 quibus
1026 2849 1123 2912 vineae
1146 2871 1219 2914 nas-

134 2968 312 3036 oocentur,
337 2955 474 3041 singulae
497 2955 608 3019 decem
632 2955 734 3019 millia
752 2955 927 3043 palmitum
949 2957 1113 3037 habentes,
1134 2957 1173 3027 ei
1187 2959 1220 3024 in

187 3088 254 3137 uno
273 3065 405 3151 palmite
423 3063 506 3128 dena
526 3065 625 3129 millia
647 3064 865 3157 brachiorum,
880 3079 913 3130 et
932 3064 964 3129 in
983 3089 1048 3131 uno
1061 3089 1134 3132 vero
1150 3068 1220 3155 pal,-

186 3174 267 3239 mite
292 3173 375 3237 dena
398 3170 501 3237 millia
523 3173 737 3261 flagellorum,
763 3187 798 3239 et
822 3174 854 3239 in
876 3198 1071 3263 unoquoque
1094 3177 1222 3263 flagello

189 3279 271 3344 dena
293 3278 395 3343 millia
416 3279 583 3359 botruum‚
606 3293 640 3345 et
661 3280 693 3345 in
715 3303 909 3368 unoquoque
930 3282 1025 3347 botro
1048 3282 1129 3346 dena
1149 3262 1225 3348 milss

189 3386 235 3453 iia
258 3387 437 3468 acinorum,
460 3400 494 3453 et
517 3391 771 3478 unumquodque
798 3392 925 3456 acinirm
955 3390 1142 3478 expressum
1167 3392 1224 3459 da-

134 3494 241 3574 25bit
264 3497 522 3584 vigintiquinque
547 3512 699 3564 metretas
723 3501 796 3565 vini.
839 3502 882 3564 Et
907 3524 1005 3588 quum
1029 3522 1141 3566 eorum
1167 3514 1224 3590 ap'·

189 3604 400 3691 prehenderit
421 3607 536 3694 aliquis
565 3624 749 3673 sanctorum
777 3610 919 3687 botrum,
943 3610 1023 3675 alius
1051 3611 1225 3679 elamabitr

191 3714 313 3793 Botrus
326 3737 391 3801 ego
406 3717 521 3781 melior
537 3739 621 3797 sum,
633 3741 685 3782 me
706 3740 808 3798 sume,
820 3740 878 3805 per
898 3741 951 3782 me
969 3720 1148 3784 Dominum
1168 3721 1226 3786 be-

192 3823 297 3889 nedic.
343 3825 497 3889 Similiter
511 3839 545 3890 et
562 3848 699 3913 granum
714 3828 811 3892 tritici
825 3828 938 3893 decem
953 3829 1053 3893 millia
1067 3830 1227 3916 spicarum

193 3947 435 4019 generaturum,
450 3947 484 4000 et
501 3958 759 4024 unamquamque
780 3938 901 4025 spicam
921 3937 1101 4014 habituram
1116 3938 1228 4004 decem

136 4041 297 4119 gomillia
307 4064 496 4128 granorum,
512 4058 545 4110 et
562 4046 817 4133 unumquodque
835 4068 975 4135 granum
997 4048 1137 4134 quinque
1154 4050 1228 4141 bili·

196 4153 268 4219 bres
282 4152 397 4220 simitae
408 4155 506 4220 olarae
521 4156 650 4221 mundae
664 4182 673 4220 ε
695 4171 729 4221 et
748 4156 871 4246 reliqua
884 4169 992 4223 autem
1005 4178 1113 4245 poma,
1128 4171 1162 4224 et
1176 4178 1227 4224 se·-
