2716 4748
159 270 224 337 ιφ
496 244 859 321 numerationes

159 421 316 509 origene.
337 419 370 486 a
391 420 448 522 us.
461 420 503 487 a.
524 422 596 487 aas.
616 422 739 523 ceram
760 446 794 487 n.
817 438 864 488 11.
886 408 1191 571 paduanum

159 526 218 571 nec
237 518 341 585 autea,
355 520 393 571 ut
410 520 466 587 att,
480 498 572 572 valde
594 508 785 585 floruissent,
806 508 1010 594 temporibus
1030 530 1099 574 suis

158 591 324 670 defecisse,
338 604 375 655 ut
394 613 547 657 numerus
561 614 673 657 eorum
691 591 731 655 ad
747 593 881 679 triginta
893 592 943 657 vix
956 608 992 657 et
1006 614 1048 657 ne
1060 591 1115 657 vix
1127 591 1190 690 §1⁰3⁴

158 675 235 740 dem
263 697 432 775 assurgere
456 672 624 740 diceretur.
678 678 848 741 Interitum
872 698 1005 764 quoque
1027 676 1189 741 hereneo-

158 781 230 825 rum
246 760 506 825 simonianorum
520 774 680 825 memorat
692 761 810 825 ibidem
827 761 884 825 Ori
928 784 997 826 nes.

203 846 239 909 P.
256 858 326 909 200.
349 844 372 908 l.
390 860 420 908 2.
448 844 508 908 dher
531 844 692 933 Γοςᾶηωνοί·
726 846 774 908 καὶ
800 782 1007 925 Margush„
1031 843 1098 908 tte
1120 844 1191 929 dut]

160 928 260 1011 (ΕΜ.
277 928 383 1013 Scapt.
402 942 435 993 et
454 928 567 995 Volesii
591 929 722 1007 habent,
739 928 800 992 aaa
820 931 970 1015 Γορθηωνοὶ
992 930 1042 993 καὶ
1063 926 1190 993 Μή·

157 1020 245 1091 aaut,
267 1011 329 1076 ὅθεν
353 1016 407 1076 ἀπὸ
432 1014 536 1077 τούτων
561 1013 799 1112 Metaripmrrw),
825 1014 883 1078 ubi
912 1013 982 1078 haec
1007 1012 1156 1079 Valesius
1167 1014 1190 1095 t)

158 1099 290 1163 Rectius
313 1098 399 1183 apud
421 1097 644 1183 Nicephorum
666 1120 699 1162 rn
722 1119 793 1183 cap.
804 1098 858 1161 vii.
873 1097 930 1161 lib.
940 1110 972 1162 4.
988 1099 1038 1161 καὶ
1062 1100 1191 1184 repaire

156 1181 219 1245 ὅθεν
233 1181 407 1267 Γοςθαιανοί·
431 1183 479 1245 καὶ
501 1180 679 1256 Μασὸὦθεος
700 1180 761 1246 ὅθεν
782 1179 1001 1247 Μασὸωθεανοί·
1023 1183 1082 1245 ἀπὸ
1095 1181 1191 1245 τοίω

157 1260 396 1349 Maronianus-ai,
411 1265 479 1329 &a
510 1268 619 1353 Quam
631 1266 889 1330 emendationem
903 1267 1077 1329 confirmat
1091 1266 1121 1329 R
1161 1256 1191 1329 ni

157 1349 389 1434 interpretatio.
432 1351 471 1413 In
491 1350 605 1414 codice
627 1350 741 1435 Regio,
756 1352 847 1414 Mae.
862 1350 946 1413 Fuk.
961 1360 995 1414 et
1015 1350 1090 1413 Sav.
1133 1374 1203 1441 spec¹

156 1434 253 1510 θηνοὶε
275 1433 362 1519 apud
382 1434 599 1520 Epiphanium
620 1436 653 1499 in
674 1434 841 1499 Ancorato
859 1435 1005 1519 Γοροθηνοὶ
1022 1433 1192 1498 dicuntur!

156 1516 189 1581 in
206 1517 338 1582 Panario
352 1532 459 1583 autem
475 1518 617 1604 Pop-tami.
662 1519 760 1583 Porro
775 1518 832 1581 has
848 1518 986 1582 haereses
1007 1536 1049 1581 ex
1072 1530 1193 1616 septem

155 1601 284 1667 Judaici
303 1603 417 1751 poppli
436 1604 532 1668 sectis
552 1602 710 1688 originem
726 1603 869 1680 traxisse,
884 1615 971 1665 recte
988 1598 1192 1687 Hegesrpptn

156 1686 314 1751 observat.
393 1709 445 1750 am
462 1687 648 1764 Simoniani,
663 1686 867 1764 Dositheani,
881 1686 1044 1750 Gortheni
1069 1699 1104 1749 et
1125 1685 1195 1749 reli⁴

156 1792 222 1917 pua
237 1792 380 1835 errorum
396 1773 537 1848 nomina,
552 1771 631 1835 nihil
644 1770 731 1834 aliud
746 1771 876 1834 fuerunt
894 1792 993 1855 quam
1010 1769 1071 1833 rivi
1084 1790 1125 1833 ex
1136 1770 1193 1834 Ju-

181 1854 257 1918 a'r'cis
270 1854 333 1919 illis
348 1856 491 1919 fontibus
505 1855 693 1919 defluentes.
725 1855 773 1918 At
786 1850 1005 1919 Theodoritus
1019 1854 1054 1917 in
1069 1850 1153 1917 libro
1165 1853 1192 1915 1.

156 1936 380 2003 hereticorum
400 1939 582 2003 fabularum
598 1960 668 2023 cap.
685 1954 712 2002 1.
734 1939 792 2002 has
814 1960 926 2001 omnes
942 1938 1083 2001 haereses
1095 1958 1136 2001 ex
1147 1936 1195 2001 Sia

156 2023 263 2087 monis
285 2024 375 2087 fonte
396 2022 524 2087 fluxisse
545 2023 634 2098 dicit,
650 2022 845 2086 Cleobianos
867 2022 1001 2100 scilicet,
1017 2020 1194 2086 Dositheo«¹

155 2125 227 2184 nos,
238 2107 434 2185 Gorthenos,
447 2107 674 2184 Masbotheos,
686 2106 948 2185 Menandrianos,
957 2105 1151 2192 Eutychitas
1162 2117 1194 2168 et

157 2189 316 2255 Canistas.
339 2195 371 2253 tn
389 2198 437 2267 τῆς
458 2192 485 2253 δὲ
502 2197 550 2266 τῆς
572 2188 745 2273 strepentium
766 2191 921 2268 ἄνεφόησαν
937 2190 1011 2275 bigis
1028 2186 1194 2266 Kandaroi,

155 2277 332 2349 ArurSroeroi,
353 2276 495 2359 Γορθηνοὶ,
515 2273 700 2351 Matidiam,
720 2275 903 2358 'Adptarmeh
925 2275 1106 2357 Εὖτυχηταὶ,
1129 2278 1192 2335 [iu⁴

154 2360 238 2431 νιςαῖ.
278 2359 341 2422 Sed
367 2382 441 2422 oum
468 2374 593 2422 constet
616 2359 719 2442 ipsam
744 2359 959 2421 Simonianam
984 2358 1134 2420 haeresim
1158 2376 1193 2418 err

154 2445 175 2507 J
178 2443 298 2507 udaieis
312 2445 407 2507 sectis
421 2444 578 2528 originem
596 2442 755 2520 habuisse,
768 2443 886 2505 rectius
898 2442 1029 2505 dixisset
1042 2440 1192 2505 Theodo-

154 2527 235 2591 ritus
250 2550 304 2590 eas
318 2550 431 2591 omnes
445 2549 484 2590 ex
498 2529 518 2591 J
522 2527 641 2591 udaieis
656 2528 750 2590 sectis
765 2526 863 2589 fuisse
886 2537 1105 2611 propagatas:
1127 2546 1193 2587 ma·

154 2612 240 2674 xime
256 2633 330 2674 cum
366 2611 491 2675 uaedam
506 2611 633 2674 illarum
648 2609 826 2684 haereseon,
838 2610 1024 2673 Sirnoniana
1039 2609 1192 2672 vetustio·

154 2717 204 2757 res
226 2716 296 2757 esse
318 2634 493 2772 videantur,
507 2695 594 2759 verbi
615 2694 721 2778 gratia
735 2694 903 2756 Gorthena
925 2709 959 2757 et
979 2694 1192 2757 Dositheana.

153 2779 360 2841 Vasnsrus.
406 2781 527 2841 Nostra
541 2778 637 2841 lectio
656 2778 737 2859 (scil.
752 2779 800 2839 aui
816 2777 1011 2851 Μασὸωθαῖος
1026 2777 1090 2839 ὅθεν
1103 2783 1193 2839 Mar·

154 2859 315 2936 ἕωθαιανοὶ,
331 2866 384 2923 ἀπὸ
405 2862 506 2923 τούτων
527 2862 768 2946 Μενανδριανιςαᾷ)
792 2874 880 2926 extat
900 2862 987 2947 apud
1012 2861 1116 2945 Rttfin.
1133 2861 1193 2924 Ni*

155 2943 239 3027 ceph.
265 2943 439 3027 Cirristoplz.
467 2944 666 3029 discrepante
691 2960 798 3009 tamen
826 2947 914 3031 apud
938 2945 1000 3009 hos
1024 2945 1088 3009 seri
1113 2959 1192 3009 tura.

153 3027 307 3135 Namque
337 3028 510 3111 Christoplr.
539 3028 640 3091 Lectt.
675 3029 797 3093 habent
830 3028 1034 3107 Μασὸωδαῖοι,
1100 3029 1195 3112 acepit·

153 3110 332 3185 maetam,
355 3127 387 3176 et
410 3111 620 3191 Μασὲοθεανοὶ,
642 3114 747 3177 Rufin.
775 3113 982 3178 Musbutheus
1004 3128 1039 3177 et
1059 3114 1195 3179 Marsua

155 3195 251 3259 stari.
284 3198 317 3259 S.
331 3199 372 3260 V.
388 3197 550 3260 Sernlerus
564 3209 658 3260 acute
672 3197 761 3274 vidit,
777 3198 863 3282 ipsos
880 3198 1086 3262 Christianos
1101 3221 1123 3261 a
1135 3199 1192 3262 Ju-

154 3280 232 3343 daeis
247 3280 351 3343 dictos
366 3303 434 3344 esse
450 3295 624 3343 nummum
640 3303 697 3344 seu
712 3295 929 3346 contemtores
946 3283 1093 3346 Sabbati.
1118 3281 1192 3345 vid.

153 3364 223 3449 ejus
237 3364 277 3427 ad
291 3364 520 3448 Baumgarteni
534 3363 728 3428 Geschichte
744 3365 800 3428 der
815 3366 1191 3452 Religions·Partheyen.

153 3468 186 3529 p.
205 3458 274 3520 Ι270.
302 3447 472 3510 Sanora.
517 3450 647 3511 Prorsus
674 3449 866 3512 contrariam
893 3450 1192 3534 interpretationem

152 3531 387 3614 excogitaverat
406 3532 452 3593 rir
471 3532 675 3594 doctissimus
688 3533 758 3597 Jac.
771 3533 999 3611 Rhenferdius,
1017 3556 1120 3619 quam
1140 3556 1191 3597 su-

153 3614 330 3697 provideas
344 3614 385 3676 ad
406 3629 560 3698 pag.208.
599 3616 688 3678 Dum
710 3637 784 3679 vero
807 3616 893 3680 idem
918 3619 962 3681 vir
983 3617 1025 3680 el.
1048 3640 1070 3681 a
1092 3618 1191 3682 Nice·

153 3696 258 3780 phoro
276 3711 367 3781 putat
389 3720 498 3761 rocem
517 3697 694 3772 stastatuta,
709 3700 860 3763 insertam
879 3701 989 3778 fuisse,
1009 3722 1087 3765 curn
1106 3701 1192 3765 vide·

152 3794 201 3843 ret
216 3780 408 3877 reliquarum
429 3782 600 3846 haeresium
621 3783 742 3866 primos
757 3798 905 3848 auctores
920 3785 973 3848 hi'c
988 3786 1161 3862 recenseri,
1175 3808 1193 3847 a

152 3863 270 3949 quibus
284 3864 347 3925 rllae
363 3886 481 3928 nonren
496 3865 660 3943 ducerent,
670 3867 744 3930 huic
759 3869 935 3952 suspicioni
948 3869 1019 3952 ejus
1034 3869 1077 3933 de
1093 3870 1192 3933 Nice·

151 3947 257 4031 phoro
281 3948 455 4030 plurimum
480 3949 662 4013 adversatur
683 3952 851 4014 Rufiniana
871 3955 988 4015 Versio
1012 3954 1099 4016 Nice
1124 3953 1194 4017 hori

152 4045 278 4095 aetatem
295 4030 391 4114 longe
404 4054 566 4117 superaus.
610 4034 692 4096 Haec
707 4034 806 4118 igitur
820 4035 852 4098 in
867 4050 994 4101 textum
1008 3975 1192 4102 Strotiiium

151 4129 281 4181 secutus
305 4115 421 4201 recepi.
464 4116 629 4180 traversa.
655 4117 753 4183 habet
778 4120 856 4185 MS.
884 4120 986 4187 Struit.
1013 4142 1073 4187 seu
1100 4121 1194 4187 Bodi.
