2716 4748
516 274 824 359 PRAEFATIO.
1106 287 1201 362 xxix

148 475 355 562 msgnoset
366 464 504 538 multos
515 491 654 541 errores
668 449 875 542 moosmihi
890 466 1138 542 condonatum
1153 470 1198 543 iri

149 589 353 662 confidam.
400 589 468 662 Sin
485 590 604 680 aliter,
620 583 731 687 utque
747 592 860 665 etium
878 593 917 665 in
934 593 1197 666 contumeliam

151 738 277 788 meam
293 740 370 788 non
387 715 485 788 mula
501 728 660 805 tuntum,
673 716 737 789 scd
751 729 790 788 et
801 718 898 789 bona
908 727 1109 807 vertentur,
1122 740 1200 789 non

151 861 284 910 recuso
306 848 445 910 sortem
469 831 564 911 vitae'
581 863 831 912 communem.
889 838 1036 910 Interes
1061 837 1200 922 nullius

148 961 311 1034 auctoris
328 972 394 1034 aut
409 962 556 1052 scrinia,
572 974 638 1034 aut
657 963 796 1061 publici
817 961 913 1058 juris
937 963 1033 1035 fucta
1052 960 1200 1061 scriptu,

148 1083 370 1181 compilavi3
396 1085 514 1156 immo
540 1084 580 1155 in
605 1109 672 1156 sus
691 1083 825 1180 cuique
850 1083 1049 1157 tribuendo
1062 1108 1201 1174 vereor,

150 1234 200 1283 ne
216 1209 356 1282 nimius
372 1208 528 1295 fuerim3
554 1232 641 1281 cum
665 1232 813 1306 operam
840 1209 969 1283 sedulo
990 1208 1130 1296 darem,
1152 1224 1201 1282 oc

149 1331 282 1405 sh‘enis
307 1333 446 1430 plumis
472 1330 625 1404 indutus
650 1330 851 1430 prodirem,
873 1356 993 1428 neque
1018 1332 1200 1424 homines,

150 1480 265 1552 quem
283 1455 419 1552 legunt,
436 1456 562 1526 utrum
579 1478 641 1526 me
656 1478 704 1527 nn
722 1453 850 1543 ulium,
868 1453 1091 1528 dubitarent.
1140 1455 1202 1530 Ad

150 1577 301 1676 singola
315 1589 441 1650 autern
458 1576 664 1674 fragmento
684 1599 732 1647 ex
751 1573 916 1647 Eusebio
931 1588 1080 1674 sumptu
1095 1589 1201 1650 nous

150 1699 315 1798 integrus
332 1697 625 1798 praestsntissimi
644 1697 743 1770 illius
761 1697 899 1770 Valesii
914 1697 1054 1794 adjeci3
1081 1724 1202 1796 neque

151 1827 255 1900 enirn
265 1812 578 1898 committendum
596 1825 735 1922 putavi,
750 1837 794 1899 ut
810 1825 936 1901 minus
952 1826 1072 1899 ornuti
1087 1853 1201 1924 quam

152 1958 262 2020 tutes
295 1947 413 2044 quivis
445 1959 636 2020 auctorum
663 1972 831 2020 meorum
860 1947 956 2020 foras
984 1948 1114 2038 exiret,
1144 1949 1203 2022 vel

151 2070 250 2143 scitu
274 2070 366 2166 quid
392 2069 547 2168 dignum
574 2081 638 2142 aut
658 2059 774 2143 lector
794 2070 990 2168 ignoraret,
1013 2084 1077 2143 aut
1099 2082 1203 2143 extra

143 2217 320 2288 vqnaererc
344 2205 547 2292 cogeretur.
605 2191 711 2265 Idem
742 2191 816 2264 fere
846 2217 992 2289 sempor
1018 2191 1077 2288 egi
1105 2191 1203 2266 circa
1299 2258 1312 2267 .

153 2314 396 2414 scaligerum,
419 2318 609 2416 Vigerum‚
632 2314 908 2404 Constantium,
931 2314 1203 2411 Boluziumquc
1261 2304 1274 2330 ⁸

152 2439 194 2511 in
218 2441 371 2537 reliquis
391 2440 620 2538 fragmentis.
671 2437 859 2534 Denique,
878 2451 921 2509 ut
944 2438 984 2509 in
1005 2440 1115 2511 rebus
1138 2440 1205 2512 ali·

151 2562 259 2658 cujus
287 2564 466 2637 momenti
495 2574 643 2662 egomet
666 2561 813 2660 longius
841 2586 1084 2655 excurrerem,
1107 2590 1202 2664 opus

150 2688 342 2762 interdum
357 2687 440 2761 fuit.
1099 2738 1103 2745 -

203 2810 277 2884 Sed
299 2837 410 2910 opere
434 2837 548 2909 prope
566 2811 646 2906 jum
671 2802 850 2900 absoluto,
867 2823 933 2883 aut
955 2809 1084 2883 saltem
1103 2823 1204 2910 post·

153 2958 266 3030 quom
291 2934 385 3007 illud
411 2933 457 3006 sd
483 2935 594 3006 finem
621 2933 745 3006 saecoli
769 2933 868 3006 tertii
893 2933 1045 3022 deduxi,
1062 2933 1109 3006 ad
1125 2960 1204 3008 mu·

152 3084 224 3131 nus
241 3084 342 3131 meus
358 3082 410 3130 ex
427 3057 536 3129 Italic
552 3056 702 3130 advectu
719 3057 823 3129 venit
837 3057 997 3130 Andreae
1016 3056 1203 3133 Galloudii

154 3181 380 3255 Bibliotheca
404 3180 563 3254 Patr-um
587 3194 671 3280 post
697 3182 862 3254 medium
888 3184 1063 3256 saeculum
1090 3184 1203 3258 modo

153 3309 384 3405 preteritum
401 3307 567 3380 Venetiis
590 3303 700 3396 edita,
717 3292 902 3405 tomisque
922 3311 1201 3405 quatuordecim

154 3432 192 3503 in
227 3431 327 3520 folio,
355 3443 398 3503 ut
426 3433 640 3526 loquuntur,
668 3431 944 3529 comprehensa.
994 3418 1139 3506 Verum*
1162 3435 1203 3508 in

155 3582 342 3655 operemc
359 3582 443 3630 meo
460 3556 557 3629 haud
579 3568 702 3628 actum
725 3556 843 3653 egisse
867 3555 985 3628 multu
1007 3558 1203 3655 persuade-

154 3680 258 3752 bunt.
308 3678 392 3752 Etsi
422 3679 523 3751 enim
552 3677 593 3749 in
620 3677 762 3775 ingenti
793 3675 949 3748 aliorum
983 3679 1202 3776 scriptorum

154 3803 254 3876 mole
279 3803 450 3899 reliquias
475 3784 681 3890 auctorum,
706 3824 799 3896 quos
824 3811 969 3891 vocant,
995 3801 1203 3901 deperdito—

156 3951 239 3998 rum
254 3924 406 4023 collegit
420 3925 500 4023 ipsc
514 3924 626 3996 etism
639 3922 872 4014 Gullundius,
890 3925 1059 3998 nonnulli
1075 3939 1202 4002 tamen

156 4047 358 4121 eorundem
387 4045 428 4119 in
456 4073 566 4145 opere
593 4046 671 4142 ejus
703 4072 778 4120 non
808 4059 1033 4146 comparent,
1063 4050 1203 4123 nedum

156 4183 240 4244 acts
264 4183 304 4244 et
327 4194 488 4244 mnoncs
517 4168 781 4262 Oonciliorum,
811 4197 903 4268 quos
930 4154 1081 4267 quidem
1108 4196 1204 4271 prae·
