2716 4748
592 293 685 403 ¹iv

30 538 35 552 ¹
116 627 117 631 κ
143 525 379 654 AUREA
402 572 494 656 haec
519 573 747 685 primorum
769 575 1012 658 saeculorum
1035 576 1188 687 scripta

141 724 231 804 misi
251 725 305 806 ad
325 755 410 826 vm,
427 726 667 808 Venerandi
685 728 843 828 Patres,
860 726 932 837 qui
952 727 1074 835 laude
1094 756 1184 808 mo-

139 902 233 956 rum
264 875 546 993 antiquorum,
578 875 804 989 disciplinae
837 878 1105 987 Apostolicae,
1134 853 1201 959 fi-¹

140 1024 206 1106 dei
229 1025 470 1126 Catholicae,
487 1026 652 1108 floretis
697 1029 805 1109 Sunt
824 1027 889 1109 hae
908 1026 1077 1136 quidem
1098 1027 1185 1108 Re·

97 1205 116 1276 ᾗ
137 1173 276 1283 liquiae
296 1177 526 1285 fragmenta
548 1189 711 1275 tantum
737 1177 879 1260 flebilis
904 1177 1120 1287 naufragii,
1143 1190 1187 1258 et

22 1322 25 1328 ⁴
136 1325 300 1408 humilis
320 1341 447 1436 atque
463 1328 666 1439 depressae
686 1320 869 1410 ecclesiae
888 1342 1182 1427 monumenta,

136 1476 209 1557 sed
236 1505 287 1557 eo
314 1477 438 1558 etiam
465 1476 595 1587 magis
614 1477 984 1578 vobisofferendae,
1006 1476 1121 1586 quod
1141 1489 1186 1557 et

42 1718 49 1729 ⁸
135 1614 553 1738 ipsi'fortunaminus
573 1656 772 1739 prospera
790 1627 963 1709 utimini.
1021 1629 1092 1709 De
1116 1656 1182 1709 re-

134 1779 212 1860 bus
231 1779 371 1861 vestris
391 1778 567 1862 externis
592 1760 678 1864 non
703 1778 763 1863 ita
784 1778 906 1861 valde
927 1778 1086 1880 laboro,
1110 1808 1185 1860 seu

134 1927 292 2039 praedia
316 1929 479 2039 perdita
504 1920 546 2010 et
572 1928 754 2039 dispersa
779 1943 889 2032 sunt,
911 1958 983 2011 seu
1003 1929 1181 2039 dignita-

132 2095 195 2162 tes
214 2094 257 2161 et
273 2109 433 2193 pompa
452 2080 589 2165 saeculi
608 2080 757 2162 ablatae
768 2115 779 2180 3
801 2080 884 2162 hoc
903 2080 1013 2163 enim
1033 2110 1183 2191 parum

133 2245 219 2330 est,
252 2231 324 2313 sed
344 2230 639 2313 nobilissimam
659 2244 845 2340 gentem,
863 2231 1180 2341 religioniscul-

131 2384 276 2466 tricem
307 2384 562 2492 caeteroquin
595 2383 818 2494 egregiam,
849 2412 876 2464 a
902 2383 1074 2494 pristina
1106 2412 1183 2466 sua

133 2533 303 2617 divisam
330 2531 417 2615 esse
442 2534 686 2634 hierarchia,
707 2560 757 2616 ac
782 2532 912 2614 scindi
937 2562 964 2613 a
988 2560 1178 2615 commu-

131 2684 258 2767 nione
296 2696 443 2783 vestra,
483 2683 625 2763 Patres
659 2680 914 2784 Venerandi,
954 2711 1079 2764 nemo
1118 2697 1181 2766 est

133 2816 320 2916 omnium
365 2858 462 2913 cum
506 2828 745 2914 Christianis
774 2820 957 2945 quidem
999 2831 1181 2942 antiquis

133 2984 412 3089 sentientium,
434 2981 536 3092 quin
557 2980 707 3065 doleat.
749 2981 826 3062 Est
845 2980 1000 3093 aliquid
1019 2997 1177 3084 autem,

134 3136 299 3245 dequo
328 3134 443 3215 vobis
471 3131 667 3243 gratuler,
697 3132 1045 3242 vehementerque
1072 3162 1176 3244 gau-

133 3286 267 3367 deam.
326 3286 434 3366 Pace
458 3280 638 3365 fruimini
664 3281 718 3364 ad
744 3311 860 3365 sacra
878 3283 956 3365 rite
973 3313 1176 3394 peragen-

133 3435 202 3536 da,
234 3463 343 3544 quae,
376 3461 471 3513 cum
493 3430 562 3540 jus
592 3402 778 3515 omniiim
808 3432 1025 3515 hominum
1059 3461 1176 3516 com-

132 3613 260 3667 mune
280 3583 344 3684 sit,
367 3582 533 3683 stabitis,
551 3596 599 3664 ut
618 3612 753 3694 spem,
776 3583 915 3665 futura
933 3597 995 3665 est
1013 3612 1063 3666 ac
1082 3614 1176 3695 per-

12 3782 17 3789 ·
133 3748 285 3845 petua3
318 3759 429 3815 nunc
450 3731 618 3815 demum
645 3747 771 3834 certe,
793 3747 1021 3845 postquam.
1040 3764 1091 3817 ex
1118 3737 1177 3819 ci-

132 3884 278 3966 vilibus
305 3881 427 3963 undis
460 3883 712 3982 emersimus,
730 3882 830 3993 ¹sine
863 3884 992 3967 atroci
1022 3885 1180 3995 flagitio

133 4062 218 4116 non
233 4024 436 4115 violanda.
473 4031 650 4116 Accedit
664 4032 804 4133 etiam,
822 4034 936 4142 quod
951 4064 1033 4146 pax
1047 4010 1177 4140 istaec,

134 4211 231 4291 cum
255 4183 328 4267 diu
352 4197 590 4296 temporum
615 4181 748 4266 solum
767 4181 941 4292 justitiae
965 4184 1050 4271 visa
1072 4200 1178 4270 esset

185 4346 205 4389 0
