2716 4748
172 248 226 316 IN
241 249 277 316 S.
295 243 601 315 APOLLINARIS
620 243 802 313 HIERAP.
821 240 996 311 FRAGM.
1041 248 1099 310 161

51 415 186 500 *Sistite
198 416 264 483 tata
286 418 334 483 sal
355 420 414 527 lapsi
435 419 546 496 rostri,
567 416 684 502 inquit,
707 419 733 479 b
753 414 905 500 Ἱεραπόλει
925 420 972 492 τῆς
992 414 1099 488 Ἀσίας

56 506 285 591 συναθροιθσῖσα
306 502 356 566 ὑπὸ
385 499 589 587 Απολλιναρῖου
602 506 639 565 τῦ
653 500 754 578 ταύτης
771 501 922 565 irroratos
938 498 1098 577 ἐπισκόπου,

56 587 108 652 καὶ
124 587 221 674 lrs'poor
236 588 354 665 rixoorif
365 585 531 665 ἤια-κόπων,
545 585 745 671 ἀποκηρύξασά
758 611 789 648 τε
809 585 831 670 ’it
852 583 1002 660 ἐκκόψασα
1016 589 1098 647 Μον·

54 671 141 735 ruris
164 672 213 735 aral
236 671 427 753 Μαξιμῖλλαν
447 671 510 745 τοὺς
531 671 761 756 ψευδοπροφήτας·
794 668 818 732 oi
840 670 887 731 καὶ
909 669 1097 752 danupsiam,

54 755 118 834 ἤτοι
131 758 321 838 amatorias,
334 755 429 831 καθώς
441 773 521 837 φησιν
537 760 550 817 ὁ
565 755 646 829 αὐτὸς
656 758 767 841 πατὴρ,
777 755 823 817 τὸν
836 753 896 833 βίον
909 751 998 826 aare}
1016 754 1097 829 odeas·

54 841 109 905 σὺν
121 844 215 916 αὐτοῖς
228 842 267 920 li,
282 840 425 927 κατέκρινε
439 842 487 905 καὶ
502 838 637 903 Θεόδοτον
651 841 698 903 rir
712 836 829 902 onorio.
865 837 966 922 Apud
983 779 1099 902 dorecil.

55 922 159 991 Loth.
173 937 205 990 ct
221 925 357 990 Cossort.
371 939 452 992 tom.
466 925 494 988 Ι.
533 939 624 1003 .599.
661 923 792 988 Scilicet
813 922 847 986 in
870 944 967 1008 opere
985 923 1101 986 Contra

57 1008 224 1097 Cotoplry
247 1031 280 1074 os
300 1031 340 1074 ea
361 1009 475 1075 saltem
519 1031 538 1072 e
560 1019 664 1075 morte
685 1009 838 1073 Montani
855 1020 888 1070 et
909 1005 1100 1071 Maximillae

54 1092 217 1159 referente
259 1095 372 1159 usebio
387 1094 557 1172 extabant3
576 1111 680 1180 neque
694 1093 748 1157 alii
762 1093 896 1157 fortasse
910 1091 1028 1178 origini
1041 1090 1100 1155 de·

54 1176 167 1258 betur,
188 1178 279 1266 quod
300 1179 342 1244 de
362 1178 536 1245 Theodoto
557 1177 703 1256 coriario,
718 1178 774 1264 qui
796 1176 965 1241 Christum
988 1176 1115 1241 Deum.

55 1283 129 1329 esse
150 1263 304 1362 negabat,
324 1263 378 1328 hic
401 1285 520 1328 novum
544 1275 578 1327 et
596 1262 779 1327 inauditum
802 1261 958 1349 sequitur,
980 1261 1037 1348 qui
1059 1281 1101 1347 pe

55 1369 136 1413 cum
157 1345 204 1413 ibr
221 1348 332 1414 statim
352 1362 429 1435 post
449 1361 725 1414 commemoretur
745 1346 948 1412 Montanista
969 1345 1025 1434 qni
1067 1368 1101 1410 m

55 1431 191 1497 nomine
203 1432 404 1499 Theodotus.

101 1519 137 1581 P.
160 1531 229 1581 1⁵2.
258 1516 282 1583 l.
303 1531 333 1594 7.
360 1519 407 1582 ait
431 1519 594 1604 Socrates]
624 1516 748 1605 Similia
769 1515 976 1604 Nicephorus
1001 1515 1101 1581 habet

56 1600 115 1666 lib.
128 1625 162 1667 x.
177 1623 216 1667 ea
239 1649 248 1666 .
265 1615 312 1666 14.
328 1602 417 1667 Hist.
432 1602 523 1667 Eccl.

100 1685 187 1751 lbid.
209 1624 305 1752 iias.
333 1687 557 1837 explicarunt?
584 1687 806 1774 Hieronymus
832 1685 963 1774 quidem
986 1687 1020 1751 in
1041 1685 1099 1750 lib.

55 1770 110 1837 Da
127 1770 216 1837 Viris
228 1769 283 1836 ill.
299 1793 370 1859 cap.
385 1786 432 1837 18.
448 1773 505 1838 ubi
549 1794 568 1836 e
591 1772 687 1859 Papia
708 1772 765 1851 ait,
779 1773 866 1837 hunc
888 1771 977 1837 mille
998 1792 1101 1836 anno-

55 1878 130 1921 rum
145 1855 314 1921 Judaicsm
327 1855 466 1921 edidisse
480 1856 648 1942 δευτέρωσιν,
663 1855 767 1936 addit,
781 1879 857 1923 eum
880 1870 1009 1923 secutos
1030 1877 1101 1920 esse

55 1940 215 2005 Irenaeam
228 1951 260 2006 et
273 1940 505 2026 Apollinemne,
526 1952 558 2006 et
579 1952 716 2021 caeteros,
734 1941 789 2029 qai
810 1952 881 2026 post
903 1940 1101 2006 resurrectio-

55 2046 128 2089 sem
153 2023 244 2090 uiuat
268 2025 302 2091 in
328 2048 420 2093 corna
444 2025 617 2091 Dominum
644 2049 713 2091 uam
740 2026 855 2091 sanctis
882 2037 1099 2114 regnaturum.

55 2110 184 2175 Verum
206 2109 367 2196 designari
390 2111 455 2175 hoe
478 2110 552 2175 loco
574 2110 809 2196 Apollinarem,
835 2111 941 2196 Papiae
963 2111 997 2175 in
1024 2111 1101 2175 sede

55 2190 304 2294 Hierapolitana
332 2216 561 2275 successorem,
589 2195 741 2280 prohibet
777 2218 830 2260 me
860 2196 989 2260 credere
1016 2196 1101 2261 alius
1207 2208 1210 2213 '

56 2279 255 2366 Hieronymi
279 2279 372 2345 locus
395 2280 429 2344 in
451 2281 536 2344 notis
563 2279 755 2345 Fabricianis
777 2280 897 2345 ibidem
921 2280 1075 2345 videndus
1087 2303 1099 2358 ς

56 2363 116 2429 ubi
136 2377 261 2443 auctor,
276 2378 448 2451 postquam
471 2364 604 2429 Latinos
625 2365 806 2448 scriptores,
820 2365 911 2450 regni
932 2365 1021 2429 mille
1041 2386 1100 2427 an·

56 2470 177 2515 norum
191 2448 386 2528 defensores,
401 2448 601 2528 memoravit,
611 2449 658 2512 Et
670 2459 705 2513 ut
724 2449 852 2514 Groecos
864 2449 1029 2528 nominem,
1040 2448 1099 2513 ad-

55 2532 118 2611 dit,
132 2544 168 2597 ut
186 2533 326 2617 primum
343 2545 576 2620 extremumque
590 2533 788 2621 conpungunt,
802 2535 941 2599 Ireuoeus
955 2543 987 2598 et
998 2532 1099 2618 Apol·

55 2614 182 2696 hano,
196 2618 257 2683 &e
273 2617 330 2682 lib.
344 2619 387 2683 xi.
404 2620 522 2683 Coram.
546 2617 580 2682 in
601 2618 718 2682 Ezecli.
733 2641 803 2704 cap.
817 2625 867 2683 36.
905 2619 967 2682 His
989 2631 1100 2683 autem

55 2702 163 2771 sorbis
177 2701 399 2788 Apollinarem
420 2704 642 2793 Laodicenum
664 2703 847 2802 significari,
862 2703 972 2768 saculi
993 2703 1100 2790 quarti

56 2787 262 2874 scriptorem,
279 2787 366 2852 haud
380 2787 579 2867 dubitabam,
594 2788 643 2853 vel
656 2810 842 2886 priusquam
858 2787 998 2852 eundem
1017 2787 1108 2858 Hie,

56 2893 235 2959 ronymum
250 2872 443 2938 scribentem
459 2873 523 2937 vidi
537 2872 571 2936 in
586 2872 739 2938 Prooemio
755 2895 788 2937 tn
807 2873 864 2937 lib.
879 2873 962 2937 xviii.
980 2873 1097 2937 Comm.

57 2955 183 3035 Esaiae,
198 2957 400 3043 respondisse
417 2957 579 3044 Dionysio
593 2956 812 3022 Alexandrino
828 2958 916 3023 mille
930 2980 1100 3036 annorum,

76 3062 157 3107 uam
173 3054 267 3107 vocat
287 3043 520 3130 Hieronymus,
536 3043 679 3107 fabulam
700 3043 844 3108 irridenti
864 3042 1098 3127 Apollinarem.

101 3141 118 3193 t
135 3126 237 3213 igitur
254 3126 436 3206 verisimile,
452 3142 489 3192 ut
508 3127 562 3193 hic
583 3127 694 3192 saeculi
712 3127 856 3206 secundi,
872 3149 969 3213 quem
989 3126 1098 3204 attuli,

58 3210 386 3363 pater,·dApollinaris
414 3211 688 3299 Hierapolitanus,
719 3211 884 3282 Chiliastis
912 3209 1098 3278 eximendus

57 3317 128 3362 esee
140 3318 172 3363 rr
194 3310 296 3363 eatur.
1081 3344 1086 3351 .
