2716 4748
520 265 846 382 luctuosa
1059 295 1061 306 '
1115 322 1180 401 tar

151 485 265 559 rhodii
280 485 339 559 Da
354 482 476 559 Libera
492 482 649 558 Arbitrio
666 502 766 584 opus,
783 486 842 559 sed
857 500 993 559 tantum
1015 504 1061 558 ex
1084 485 1182 561 Pbo-

150 587 246 659 tiano
271 603 472 684 excerptore
498 585 723 683 posteriorem
747 589 819 682 ejus
843 601 978 682 partem
1003 606 1072 657 esse
1096 604 1182 684 tup-

176 684 325 758 lendam.
377 683 479 757 Istius
509 702 625 756 tamen
653 685 862 784 excerptoris
891 709 958 782 ope
984 683 1183 758 vorationem

149 706 308 856 ilaximi
331 781 368 855 in
391 783 480 856 locis
501 785 712 880 quibusdam
736 782 918 882 insigniter
944 806 1071 882 augere
1090 778 1184 858 milti

149 883 263 958 licuit.
314 884 376 956 Sin
399 883 501 956 alicui
520 882 559 956 in.
578 900 734 956 mentem
750 881 884 956 venerit
904 881 1055 983 suspicio
1073 902 1183 981 prop·

151 1001 203 1054 ter
230 982 332 1054 illum
358 1007 380 1053 a
405 983 635 1055 Genebrardo
662 983 854 1079 praefixum
878 982 1073 1080 fragmento
1096 983 1185 1056 titu-

150 1083 240 1170 lum,
258 1080 363 1153 tribui
383 1104 481 1179 posse
497 1082 612 1178 ipsum
631 1081 776 1179 Origeni
794 1099 959 1178 tanquam
971 1081 1094 1182 primo
1109 1082 1186 1180 ejus

151 1181 299 1269 auctori,
323 1183 438 1279 potius
464 1202 571 1278 quam
597 1177 777 1269 Maxima,
801 1181 829 1254 is
854 1204 927 1255 non
952 1198 1092 1254 tantum
1116 1179 1190 1254 sibi

151 1278 301 1376 objicere
322 1277 465 1352 debebit
486 1279 629 1352 Eusebii
652 1280 892 1353 auctoritatem
909 1280 945 1353 in
963 1281 1064 1354 rebus
1079 1274 1187 1379 gestis

151 1397 188 1452 et
212 1378 348 1476 scriptis
373 1379 536 1476 Origenis
562 1378 793 1469 versatissimi,
816 1380 878 1476 qui
904 1380 990 1453 illud
1015 1376 1188 1454 Maximo

150 1479 322 1567 attribuit,
340 1502 464 1552 verum
484 1478 553 1551 hoc
571 1502 725 1576 quoque,
744 1481 842 1577 quod
859 1478 1027 1552 omnibus
1046 1477 1188 1552 norissi-

151 1600 255 1650 mum
271 1594 334 1665 est,
352 1595 430 1650 tam·
445 1578 624 1650 infensum
645 1578 748 1651 fuisse
769 1577 1003 1651 Methodium
1020 1577 1187 1676 Origeni,

151 1695 194 1750 ut
218 1676 280 1750 vix
305 1676 471 1750 credibile
495 1677 551 1763 sit,
573 1679 688 1767 illum,
710 1680 807 1775 quod
833 1677 944 1766 aiunt,
969 1693 1090 1771 cantus
1112 1678 1189 1773 ejus

152 1776 223 1848 suis
240 1775 452 1849 carminibus
473 1777 713 1850 immiscuisse.
765 1776 933 1873 Ejusdem
949 1795 1094 1874 quoque
1110 1777 1187 1850 Eu·
1255 1787 1259 1793 '

153 1873 238 1947 sebii
260 1874 453 1964 auctoritas,
471 1875 603 1949 tamin
629 1874 784 1950 Historia
806 1875 1057 1965 Ecclesiastico,
1077 1896 1189 1972 quam

152 1975 190 2051 in
205 1972 459 2073 Praeparatiane
475 1972 700 2074 Evangelia,
714 1976 881 2049 Maximo
898 1999 987 2074 opus
1006 1968 1188 2072 quoddatn‘

152 2070 196 2146 dr
211 2073 364 2145 Materia
388 2075 582 2163 tribuentis,
604 2076 697 2160 satis,
718 2075 756 2148 ni
777 2076 890 2164 fallor,
913 2076 1044 2149 valebit
1064 2092 1190 2149 contra

153 2170 239 2245 alios
255 2172 430 2268 quoslibet
447 2174 539 2262 hac,
549 2197 664 2272 reapse
686 2174 867 2247 Methodii
883 2175 986 2247 fuisse
1002 2175 1188 2247 autuman-

152 2289 218 2346 tes.
260 2271 325 2344 Vel
341 2273 501 2368 denique,
518 2273 545 2344 si
561 2273 639 2369 quis
650 2292 779 2346 contra
795 2274 977 2370 putaverit,
994 2273 1191 2372 fragmenta

153 2370 270 2468 operis
297 2373 365 2472 arpi
396 2375 564 2462 arteriasis,
593 2372 665 2471 sive
691 2373 749 2444 De
770 2371 926 2445 Arbitrio
956 2371 1090 2458 Libero,
1122 2372 1190 2446 sub

155 2468 336 2543 Methodii
360 2471 501 2543 nomine
518 2497 539 2542 a
555 2471 722 2556 Meursio
734 2487 769 2545 et
786 2466 1005 2545 Combefi‘sio
1020 2472 1125 2561 edita,
1141 2471 1190 2544 si-

154 2569 233 2643 mul
249 2591 333 2642 cum
353 2571 536 2668 Excerptis
557 2572 629 2668 ejus
651 2596 672 2642 a
693 2571 823 2644 Photio
846 2570 1000 2643 inventis.
1013 2570 1090 2667 (cui
1107 2571 1190 2669 qui-
1229 2628 1231 2633 .

155 2671 238 2742 dem
255 2666 378 2740 critico
394 2667 542 2742 aliorum
558 2694 703 2768 quoque
726 2669 909 2743 Methodii
926 2690 1073 2769 opetum
1088 2690 1191 2742 com-

155 2768 285 2866 pendia
299 2767 516 2865 obtigerunt)
535 2771 761 2871 ψτυὲπίγμφα
776 2793 860 2858 esse,
874 2786 980 2867 atque
998 2767 1192 2845 attoni*

155 2867 315 2942 mianum
338 2868 458 2940 omnia
477 2868 655 2966 pertinere·
669 2894 771 2966 opus,
789 2871 909 2945 obstat¹
928 2867 1011 2943 huic
1031 2866 1193 2968 opinioni

156 2989 230 3039 non
253 2983 391 3040 tantum
417 2965 657 3064 Hieronymus
682 2969 718 3042 in
745 2970 917 3066 Catalogo
941 2985 1126 3042 tractatum
1149 2967 1193 3040 dr

156 3064 298 3138 arbitrio
315 3063 501 3138 voluntatis
519 3066 712 3142 Methodio
732 3069 918 3154 ascribens,
937 3066 996 3141 sed
1014 3068 1119 3140 etiam
1136 3065 1192 3139 ni·
1282 3069 1284 3074 ’

156 3167 252 3238 tidus
273 3165 347 3260 ejus
369 3164 656 3262 compositusque
673 3184 787 3241 sermo
802 3170 847 3241 ab
865 3168 989 3240 eodem
1011 3167 1193 3264 Hierony-

157 3283 220 3336 mo
237 3282 544 3354 commemoratus,
562 3267 623 3364 qui
641 3291 725 3339 cum
742 3268 829 3339 inest
850 3265 984 3340 caeteris
1008 3262 1193 3341 Methodii

156 3363 349 3462 opusculis,
366 3382 444 3436 tum
465 3363 618 3437 maxime
642 3366 680 3438 in
701 3364 800 3440 initio
821 3365 1099 3465 fragmentorum
1120 3363 1190 3466 erpi

156 3465 315 3552 altataria
332 3463 538 3561 conspicuus
553 3481 614 3537 est.
800 3482 803 3521 ῑ
1186 3500 1189 3506 ·

180 3609 182 3612 >
207 3562 278 3634 Sed
289 3560 374 3634 ³haec
392 3561 569 3636 hactenus.
614 3558 734 3659 Hujus
752 3564 961 3664 Fragmenti
971 3568 1089 3639 textus
1105 3586 1193 3660 qua-

158 3673 332 3734 tuorsunt
349 3662 458 3734 sontes
476 3662 657 3762 praecipui‚
675 3663 819 3736 Eusebii
839 3663 1052 3764 Praeparatio
1068 3665 1193 3739 Euan·

152 3757 279 3858 getica,
298 3758 486 3833 Philacalia
507 3763 680 3860 Origenis,
698 3762 950 3861 Methodiique
966 3760 1141 3865 Reliquiae,
1159 3777 1194 3836 et

157 3857 329 3958 Dialogus
347 3859 498 3960 Origeni·
509 3862 675 3961 ascriptus
692 3861 818 3936 Contra
832 3862 1079 3956 Marcionitar;
1101 3885 1193 3961 quo·
1316 3860 1319 3867 ’

158 3983 240 4031 rum
260 3958 429 4032 librorum
450 3976 586 4034 tantum
609 3963 682 4034 duo
702 3962 829 4059 priores
851 3978 963 4036 totam
988 3961 1107 4035 seriem
1124 3982 1193 4033 ser-

159 4058 275 4131 monis
292 4059 479 4132 continent.
520 4062 577 4131 Ad
596 4060 789 4134 Eusebium
806 4064 902 4158 quod
919 4061 1054 4150 attinet,
1073 4073 1195 4159 praeter

160 4157 642 4255 Stephanionem-editionem
666 4183 758 4234 atino
788 4181 882 4257 1544
906 4161 1119 4258 impressam,
1143 4175 1195 4232 at·

159 4281 230 4353 que
246 4256 467 4356 Vigerianam
491 4259 587 4333 illam
609 4260 946 4350 aestimantium
970 4259 1115 4334 adhibui
1135 4283 1195 4331 eo-
