2716 4748
181 294 244 359 ιη
400 296 406 309 ·
512 271 870 343 nuuormrouns

177 450 201 485 “
216 443 303 509 tiana
328 464 393 506 non
416 462 508 507 secus
535 463 573 507 ac
602 442 742 529 reliquie,
764 441 893 542 publice
916 441 1139 523 tolerarentur,
1161 440 1202 511 ed

178 535 202 569 “
216 549 372 615 quosnam
390 526 424 592 id
446 527 652 612 imperatores
668 528 776 591 refern
788 541 894 614 queat,
909 527 936 593 si
949 526 1008 592 lton
1021 526 1104 593 duos
1141 550 1201 595 uus

177 613 374 679 “nominavi
392 611 541 698 excipias,
560 612 645 677 haud
666 613 759 677 facile
778 635 797 676 a
820 613 940 698 paret.”
964 615 997 677 P.
1009 627 1080 693 359.
1095 550 1159 679 viel.
1172 614 1200 679 1.

179 698 312 763 Dissort.
326 698 369 763 od
383 698 469 762 Hist.
483 695 572 763 Ecel.
587 698 758 762 Pertinent.
773 634 824 761 ed.
840 697 997 763 secundae.

220 785 254 848 P.
270 798 335 854 111.
348 782 371 847 l.
388 797 434 847 10.
458 783 532 864 μόνοι
556 783 806 867 πάντων-Νέρων
831 785 878 847 καὶ
899 784 1079 867 Δομετιανὸς]
1107 783 1201 848 Idem

177 867 287 933 scribit
307 868 519 933 Tertullianus
539 867 572 932 in
589 868 806 954 Apologetico
821 889 891 954 cap.
905 884 935 933 5.
957 866 1138 954 Reperietio,
1152 869 1202 935 in·

176 954 257 1041 quit,
272 954 410 1040 primum
424 953 574 1018 Neronem
596 953 628 1016 iro
648 953 726 1017 dono
739 962 852 1018 sectam
867 964 933 1017 torn
944 953 1080 1019 monime
1092 953 1203 1019 Rom

175 1038 320 1103 orientem
337 1038 513 1103 Caesariano
526 1037 636 1125 gladio
639 1037 798 1122 ferocisse.
838 1040 879 1103 Et
892 1039 989 1125 poulo
1002 1053 1097 1124 post:
1120 1040 1202 1103 Teu·

175 1135 297 1189 tavent
311 1136 340 1188 et
354 1124 565 1203 Domitianus,
577 1124 676 1208 portio
691 1122 822 1188 Neronis
837 1124 875 1188 do
887 1123 1080 1189 medelitote.
1116 1124 1203 1212 Qui·

174 1209 235 1274 bus
250 1208 319 1273 haec
332 1210 509 1296 subjungit.
558 1211 698 1273 Ceterum
713 1209 750 1274 de
764 1219 808 1273 tot
829 1209 937 1273 exindo
954 1207 1146 1294 principibus
1160 1209 1204 1273 od

176 1293 364 1374 hodiernum,
372 1295 452 1359 edite
462 1295 598 1382 aliquem
608 1292 821 1360 debellatorem
834 1293 1086 1359 Christianorum.
1112 1294 1202 1381 Quae

176 1379 220 1444 les
238 1401 311 1478 ergo
334 1379 416 1468 leges
437 1379 519 1458 istoe,
533 1402 610 1466 quas
628 1380 771 1445 adverus
787 1400 841 1443 roos
862 1378 920 1442 soli
939 1388 1079 1444 exercent
1099 1378 1202 1464 impii,

174 1465 293 1549 irojnstr,
315 1477 428 1551 turpet,
449 1476 559 1545 truces,
580 1465 664 1544 voni,
685 1466 863 1530 dementes?
885 1486 963 1551 quus
985 1465 1142 1547 Trojomos
1163 1487 1203 1531 ex

173 1561 265 1634 parte
273 1549 455 1638 frustratus
472 1563 541 1615 est.-
565 1573 642 1638 quus
662 1550 766 1616 noluo
782 1550 974 1629 Hadrianus,
988 1534 1095 1615 nullus
1109 1549 1201 1631 Pius,

173 1634 280 1785 gellus
297 1638 390 1721 Verus
405 1634 568 1720 impressit.
590 1638 797 1703 Vnussrus.
834 1634 909 1718 μόνοι
928 1634 1203 1720 δὶπ.011πὶείορ11.

202 1742 346 1786 rnoru.

216 1805 299 1869 Ibid.
315 1806 336 1870 l.
353 1820 399 1870 13.
421 1807 502 1892 eropi]
519 1811 604 1890 παρὰ
627 1804 757 1891 Niceplr.
780 1826 856 1869 mox
878 1824 936 1890 pro
956 1803 1070 1889 ἄγνοιαν
1092 1803 1204 1871 Cirris·

173 1888 256 1974 ropt.
273 1891 373 1956 Leott.
387 1890 507 1955 habent
522 1889 623 1954 ἄνοιαν.
645 1891 750 1955 Aliter
763 1889 904 1990 Hostum.
926 1891 1095 1955 Srno‘ru.
1119 1912 1204 1955 erro-

172 1998 238 2039 rem
247 1975 302 2062 qui
314 1975 490 2123 ipnorortio
502 1988 635 2040 venerat.
647 1975 786 2063 Rrfiroos.
804 1975 962 2041 inscitiam
974 1989 1007 2040 et
1017 1976 1203 2055 amentiam,

176 2060 319 2144 Chrislop
342 2060 442 2124 orsori
455 2061 562 2125 versio.

216 2147 251 2209 P.
266 2160 332 2210 112.
347 2145 370 2209 l.
386 2163 411 2208 1.
434 2146 510 2227 ὁμὲν
525 2145 633 2221 πάππος
647 2171 696 2211 σου
710 2147 847 2232 Ἀδριανὸς
862 2146 936 2230 &c.]
950 2145 1082 2225 Attulit,
1092 2159 1133 2211 ut
1147 2168 1202 2211 eu·

172 2252 229 2317 pra
251 2231 373 2308 monui,
397 2231 478 2295 haue
506 2231 661 2295 Hadriani
689 2232 729 2296 ad
759 2230 946 2297 Fundanum
973 2252 993 2294 e
1015 2230 1146 2297 istolam
1165 2231 1202 2297 in

171 2338 242 2402 cap.
255 2334 286 2395 9.
299 2315 395 2380 hu'us
409 2315 466 2380 lib.
482 2316 621 2381 historice
641 2316 797 2381 Eusebius
811 2339 830 2379 a
843 2317 970 2381 Justino
1047 2329 1135 2403 rtyre
1148 2338 1203 2381 no·

170 2415 308 2487 ceptam.
368 2424 386 2465 e
400 2424 463 2488 qua
477 2403 637 2488 praeclare,
649 2415 685 2467 ut
697 2402 789 2479 solet,
801 2402 869 2486 agit
883 2403 934 2465 Fr.
946 2401 1122 2467 Balduinus
1136 2400 1200 2467 JC.

171 2488 204 2552 in
221 2489 387 2553 Commeat.
410 2488 451 2551 cd
466 2488 582 2553 Edicto
600 2488 664 2552 Vet.
679 2487 860 2572 Principum
878 2488 965 2551 Rom.
987 2487 1023 2551 de
1046 2486 1201 2552 Christia-

171 2573 240 2651 nis;
263 2581 285 2612 “
300 2573 365 2637 Ubi
386 2573 419 2636 in
435 2572 502 2659 jus,
516 2574 629 2660 inquit,
645 2587 772 2638 ventum
786 2587 845 2651 est,
858 2586 893 2637 et
907 2587 1008 2637 status
1023 2586 1072 2637 est
1085 2572 1200 2659 aliquis

172 2664 282 2726 “reus
305 2659 467 2744 religionis
491 2659 691 2737 Christiane,
716 2657 876 2722 Adrianus
901 2657 969 2722 vult
992 2679 1083 2722 more
1102 2671 1200 2745 atque

171 2750 193 2783 “
209 2743 319 2807 ordine
332 2765 460 2806 causam
479 2745 543 2828 agi.
587 2743 650 2808 Sed
665 2744 691 2807 si
706 2745 830 2808 nullum
846 2742 932 2807 aliud
945 2743 1065 2808 crimen
1078 2765 1200 2829 propo·

171 2834 195 2868 “
208 2827 304 2905 nitur,
319 2849 415 2913 quam
430 2828 565 2892 nominis
582 2827 765 2906 Christiani,
780 2850 844 2892 non
866 2828 989 2892 videtur
1009 2829 1073 2891 hoc
1091 2829 1199 2894 solum

171 2912 250 2976 “ad
273 2911 468 2976 criminalem
493 2914 701 3001 quaestionem
721 2914 830 2978 referri
844 2913 990 2977 voluisse.
1034 2914 1083 2976 Ut
1097 2913 1132 2978 id
1145 2935 1200 2978 ex·

170 3005 192 3036 “
206 2997 356 3077 istimem,
369 2997 447 3062 facit
467 2999 623 3077 lustinus,
645 3000 700 3085 qui
722 3000 784 3063 hoc
804 2998 939 3062 Adriani
959 2998 1111 3083 rescripto
1134 3020 1200 3063 non

170 3089 193 3161 ‘.‘
207 3095 348 3147 uteretur
361 3084 394 3148 in
409 3083 570 3181 religionis
588 3086 796 3163 confessione,
813 3083 839 3146 si
854 3083 935 3147 hanc
950 3104 1080 3231 (imque
1095 3083 1199 3148 solam

170 3167 367 3232 “Adrianus
390 3168 540 3233 volursset
559 3170 673 3255 puniri.
729 3169 841 3233 Utitur
862 3181 895 3232 et
914 3190 954 3231 eo
977 3190 1029 3231 em
1049 3167 1199 3254 exemplo

170 3260 192 3293 “
208 3253 325 3317 Melito
348 3254 511 3319 Sardensis
534 3255 566 3318 in
589 3277 647 3319 sua
666 3255 706 3318 ad
726 3255 864 3320 Lucium
891 3252 1009 3339 (potius
1030 3255 1196 3334 Marcum)

171 3345 194 3379 “
207 3341 329 3403 Verum
345 3340 427 3424 Imp.
442 3339 614 3425 Apologia,
630 3353 663 3404 et
677 3354 784 3425 aperte
798 3352 941 3417 testatur,
956 3337 1134 3403 Adrianum
1149 3350 1199 3403 at·

170 3430 193 3465 “
208 3445 270 3510 que
290 3423 380 3487 Pium
403 3425 511 3488 multis
531 3426 595 3489 suis
610 3425 767 3511 rescriptis
782 3424 843 3488 hoc
858 3423 973 3509 egisse,
987 3436 1025 3488 ut
1041 3422 1198 3488 Christia-

171 3514 194 3550 “
208 3531 321 3573 norum
343 3509 588 3574 calumniatores
610 3511 824 3595 reprimerent.
867 3509 932 3572 Sed
947 3521 980 3572 et
995 3509 1062 3594 ipse
1077 3508 1151 3573 Pius
1165 3508 1200 3581 in

170 3600 194 3634 “
208 3616 267 3658 suo
281 3593 386 3659 edicto
402 3595 490 3659 testis
504 3609 564 3673 est,
576 3595 638 3658 hoc
653 3595 787 3659 voluisse
801 3592 990 3670 Adrianum,
1003 3616 1042 3667 ne
1059 3593 1199 3659 Christi·

171 3685 194 3720 “
207 3679 259 3742 ani
285 3693 478 3759 vexarentur,
502 3680 560 3744 nisi
588 3681 612 3743 si
640 3703 688 3744 res
713 3702 807 3745 novas
832 3679 1019 3748 molirentur
1048 3679 1200 3747 adversus

170 3771 193 3804 “
208 3764 377 3862 imperium
394 3766 606 3829 Romanum.''
630 3767 663 3828 P.
674 3779 722 3829 81.
736 3765 786 3829 ed.
802 3764 889 3849 Lips.

214 3848 298 3912 lbld.
311 3850 332 3912 l.
343 3864 371 3914 2.
386 3850 524 3936 ἡγουμένῳ
534 3856 582 3927 τῆς
591 3849 704 3935 Ἀσίας]
715 3848 854 3936 ἡγουμένῳ
863 3850 889 3913 di
904 3855 951 3926 τῆς
962 3851 1009 3913 Ἀ.
1019 3848 1096 3916 MS.
1106 3847 1198 3920 Bodt

187 3998 190 4004 ,
214 3932 298 3998 lbid.
312 3936 333 3997 l.
345 3949 375 3998 3.
397 3937 452 3998 ὅδὲ
463 3937 563 4034 πατήρ
574 3961 623 3999 σου
640 3937 716 4018 tce]
734 3936 932 4020 Rescriptum
949 3935 1077 4022 quidem
1091 3935 1200 4000 Anto·

171 4021 237 4089 nini
251 4020 297 4084 Pii
312 4041 369 4105 pro
386 4018 573 4085 Christianrs
587 4020 683 4085 hodie
698 4042 761 4085 non
775 4033 871 4085 extat.
916 4021 978 4083 Sed
993 4021 1062 4106 ejus
1076 4019 1201 4084 mentio

171 4107 207 4176 fit
219 4105 252 4169 in
264 4104 359 4170 rescri
383 4118 418 4168 to
430 4107 480 4169 M.
489 4106 613 4170 Aurelii
624 4106 781 4172 Antonini
791 4105 832 4169 ad
844 4104 985 4171 civitates
997 4105 1096 4183 Asiae,
1107 4104 1201 4191 quod

172 4213 268 4277 supra
285 4126 398 4256 mollin
419 4191 576 4287 Eusebius
598 4214 668 4279 cop.
686 4207 732 4258 13.
753 4192 850 4278 hujus
872 4191 956 4257 libri.
1000 4193 1096 4262 Porro
1112 4190 1200 4256 hunc
