2716 4748
332 306 385 374 IN
406 307 676 377 CONCILIUM
695 307 1020 381 LUGDUNENSE.
1124 326 1189 392 411

154 479 308 564 eepdoms
343 502 450 568 uoque
468 485 495 544 ἐν
514 481 562 560 οῐς,
582 479 642 544 sed
660 483 733 563 ἐμοῖς
750 501 825 545 cum
867 479 1003 545 rioribus
1021 477 1192 592 conjungit

160 567 240 631 MS.
256 503 394 653 Noriolc.
411 569 521 653 inquo
535 566 655 645 codice,
671 580 709 629 ut
722 580 795 630 ante
809 501 865 630 adp
864 587 939 652 pag.
954 580 1023 630 201.
1037 566 1192 654 §amprxa

158 652 312 716 scribitur
331 674 389 739 pro
408 655 550 740 Σωτῆρος,
566 675 629 738 qua
647 652 688 716 de
706 674 740 716 re
757 653 789 716 in
806 654 901 731 notis,
917 665 950 716 et
968 674 1045 716 mox
1062 651 1151 716 deest
1169 659 1195 716 οἱ

154 748 236 802 ante
258 739 425 824 ωςοςᾶντες.
470 739 632 802 Caeterum
655 738 774 816 Sixtus,
802 738 857 824 qui
880 737 1120 823 antiquissimus
1143 751 1194 803 est

158 845 181 887 e
203 823 386 908 iscoporum
403 825 455 888 hic
475 824 714 902 recensitorum,
729 825 883 910 septimus
902 838 976 910 post
996 825 1122 888 Petrum
1140 845 1195 887 ec·

157 843 294 973 ciesiam
316 912 433 974 rexisse
455 913 632 974 Romanam
653 909 781 988 dicitur,
796 909 892 995 paulo
906 923 981 996 post
993 909 1084 974 initia
1096 909 1206 997 hujus

158 995 272 1059 saeculi
286 997 419 1061 secundi
433 997 473 1060 ad
488 996 597 1060 sedem
612 1008 749 1059 evectus.

206 1081 240 1143 P.
251 1095 320 1158 392.
337 1082 359 1145 l.
372 1095 401 1157 7.
424 1079 485 1145 οὔτε
500 1083 576 1145 αὐτοὶ
595 1081 739 1168 ἐτήρησαν]
759 1081 834 1144 Hoc
850 1092 908 1157 est,
923 1078 1032 1144 lunam
1048 1086 1195 1166 quartam

160 1163 333 1245 decimam,
363 1189 426 1253 qua
454 1188 543 1230 sacra
575 1166 625 1230 die
655 1168 783 1231 ineunte
817 1187 938 1252 agnum
970 1165 1196 1231 comedebant.
1237 1174 1242 1185 “

100 1331 101 1335 ¹
162 1249 285 1315 Confer
299 1266 408 1317 notam
424 1253 465 1317 ad
480 1254 722 1316 Poaacnarrs
740 1254 968 1336 Fragmentum
985 1272 1091 1336 supra.

207 1336 290 1401 Ibid.
312 1336 374 1402 οὔτε
394 1342 450 1412 τοῖς
470 1341 532 1421 μετ’
553 1342 641 1402 αὐτῶν
662 1337 817 1425 ἐπέτρεπον]
836 1339 874 1400 In
895 1337 978 1402 libro
999 1337 1140 1402 Turnebi
1158 1358 1198 1402 ac

163 1421 283 1486 Moraei
296 1423 338 1487 ad
351 1424 529 1510 marginem
548 1423 735 1488 emendatur
749 1426 809 1506 μετ’
824 1426 925 1487 αὐτῶν.
968 1424 1078 1522 Atque
1091 1423 1137 1487 ita
1150 1423 1198 1506 le7
1284 1468 1287 1475 -

162 1507 214 1656 {it
228 1508 371 1588 Rufinus,
386 1524 424 1573 ut
438 1532 478 1574 ex
492 1510 633 1574 versione
646 1509 716 1572 e'us
732 1520 874 1657 apparet.
917 1508 970 1572 Sic
986 1531 1070 1573 emm
1085 1508 1198 1573 vertite

198 1615 274 1679 eque
296 1594 356 1678 ipsi
382 1594 430 1658 ita
456 1605 629 1674 tenuerunt,
650 1616 748 1681 neque
794 1593 806 1656 i
831 1593 886 1681 qni
908 1616 977 1658 mm
999 1593 1074 1678 ipsis
1096 1604 1198 1659 erant

165 1678 277 1743 Posset
300 1681 397 1744 etiam
421 1681 516 1745 scribi
540 1679 600 1744 οὔτε
622 1683 678 1755 τοῖς
700 1682 744 1743 ὑπ’
766 1679 863 1757 αὐτὸς,
882 1679 917 1744 id
937 1693 986 1744 est
1007 1679 1199 1766 presbyteris

163 1765 230 1828 suis
255 1785 293 1829 ac
317 1764 470 1846 diaconis,
495 1779 528 1830 et
553 1767 675 1852 populo
698 1765 759 1829 sibi
782 1767 966 1830 commisso.
990 1767 1199 1830 Vaaesms.

165 1849 298 1915 Habent
312 1851 443 1938 quidem
457 1850 523 1916 edd.
538 1875 638 1916 ornnes
651 1856 707 1927 τοῖς
721 1853 781 1933 μετ’
797 1853 906 1930 αὐτοὺς,
922 1874 1022 1937 quum
1035 1872 1108 1914 vero
1119 1850 1198 1914 MS.

164 1934 305 2021 Norjilc.
316 1951 445 2022 ,praeter
468 1936 597 2001 Gruteri
610 1939 711 2002 Lectt.
727 1937 760 2000 in
774 1936 824 2001 ed.
843 1938 964 2000 Gener.
979 1937 1200 2024 marginesque

163 2018 331 2101 librorum,
350 2045 432 2108 quos
453 2023 599 2088 Valesius
622 2023 896 2102 commemoravit,
918 2022 1049 2087 alteram
1070 2023 1201 2107 praeter·

164 2118 216 2170 ret
228 2107 411 2187 lectionem,
425 2129 497 2172 earn
513 2109 630 2194 recepi.
667 2109 789 2173 Grabio
804 2131 934 2195 quoque
948 2108 1084 2194 probata
1097 2120 1158 2172 est.

210 2192 295 2257 Ibid.
317 2191 340 2256 l.
361 2208 408 2257 10.
437 2193 487 2257 καί
507 2194 563 2277 τοι]
588 2196 635 2256 καὶ
655 2192 685 2257 ri
706 2192 880 2277 Christopd.
901 2195 1002 2258 Lecta.
1029 2194 1200 2258 STROTH.

164 2278 271 2364 Atqui
285 2304 312 2340 τι
326 2279 509 2343 encliticum
523 2279 600 2343 MS.
616 2277 713 2343 Savil.
730 2301 788 2343 seu
802 2278 893 2343 Bodl.
930 2277 989 2342 Ait
1001 2301 1075 2342 vero
1091 2280 1202 2343 Petrus

165 2362 378 2429 Constantius
400 2364 432 2428 in
455 2365 553 2429 Notis
575 2364 617 2428 ad
639 2365 727 2429 Rom.
746 2363 866 2451 Pontis.
888 2363 1061 2448 Epinoion,
1082 2385 1115 2448 p.
1133 2378 1201 2427 105.

165 2450 271 2535 magis
296 2449 357 2514 sibi
380 2449 506 2536 placere
534 2473 610 2515 cum
638 2450 935 2535 Christophorsono
962 2452 1075 2513 Graece
1098 2450 1145 2512 nai
1172 2447 1204 2513 ri

166 2557 265 2620 quarn
281 2535 396 2615 καίτοι,
411 2550 508 2622 atque
522 2535 567 2599 ita
582 2536 685 2615 vertit,
697 2546 726 2600 et
739 2535 816 2622 qnid
827 2559 879 2600 mn
904 2536 929 2599 is
940 2545 1095 2623 repugnat
1106 2556 1202 2621 quarn

166 2620 202 2684 id
223 2620 389 2700 observare,
412 2623 494 2708 quod
512 2621 569 2685 alti
590 2645 650 2686 non
670 2621 856 2686 observant?
920 2643 1002 2707 eque
1023 2621 1114 2684 aliter
1131 2620 1203 2706 qui·

166 2705 241 2770 dem
264 2707 488 2793 interpretatus
510 2721 560 2771 est
580 2707 906 2793 Christophorsonus‚
929 2708 955 2770 si
976 2705 1203 2792 interrogatio«

166 2814 242 2856 nem
256 2806 392 2877 spectes,
420 2794 558 2871 Verum,
572 2805 608 2857 ut
621 2794 830 2879 interrogatio
846 2793 959 2857 melior
974 2794 1025 2870 sit,
1039 2790 1126 2878 quod
1137 2813 1204 2857 non

165 2891 260 2962 puto,
271 2878 459 2964 imperfecta
472 2879 556 2943 foret
568 2879 682 2958 oratio,
695 2902 767 2943 nam
782 2879 938 2965 particula
952 2878 968 2958 ἢ
982 2891 1056 2944 ante
1069 2879 1101 2942 τὸ
1116 2882 1203 2968 τηςεῐν

127 3013 129 3016 .
165 2962 410 3029 desideraretur.

212 3048 297 3113 Ibid.
320 3048 343 3113 l.
366 3066 413 3114 11.
440 3055 496 3125 τοῖς
518 3055 555 3133 μὴ
579 3055 704 3139 τηροῦσι]
731 3050 922 3136 Ampleotor
944 3049 1203 3115 emendationem

167 3156 242 3220 quae
260 3135 293 3197 in
310 3135 399 3199 libris
414 3137 556 3200 Turnebi
574 3159 610 3200 ae
629 3137 749 3200 Moraei
764 3136 901 3200 habetur
915 3136 956 3199 ad
972 3158 1040 3198 mar
1065 3136 1161 3213 inem,
1177 3140 1204 3199 ἐν

166 3224 224 3294 τοῖς
237 3224 275 3302 μὴ
290 3228 411 3307 τηροῦσι.
439 3223 499 3286 Est
512 3234 622 3285 autem·
636 3221 688 3285 hic
703 3219 801 3308 hujus
814 3221 878 3285 loci
894 3242 1013 3285 sensus
1039 3157 1127 3284 {um
1142 3220 1203 3284 ob-

167 3307 325 3370 servantia
343 3305 477 3393 alicujus
498 3307 596 3370 moris
610 3319 644 3370 et
658 3306 890 3370 inobservantia
905 3308 968 3370 sint
984 3306 1065 3369 inter
1078 3327 1112 3368 se
1126 3326 1206 3369 con-

165 3391 276 3470 traria,
293 3405 400 3455 tamen
422 3393 547 3478 quoties
569 3393 596 3456 is
620 3392 676 3478 qui
698 3412 822 3456 morem
843 3392 989 3455 observat
1009 3391 1205 3491 quempiam,

166 3489 311 3541 versatur
330 3477 413 3541 inter
433 3499 488 3541 eos
511 3477 566 3563 qui
585 3477 717 3541 minime
736 3477 915 3554 observant,
931 3492 1007 3541 tunc
1021 3498 1089 3562 rpsa
1103 3477 1205 3541 diver-

167 3560 245 3626 sitas
260 3584 314 3625 ma
339 3563 365 3626 is
380 3563 496 3627 elucet.
537 3563 614 3627 Hoc
629 3576 678 3628 est
693 3562 781 3648 quod
794 3560 893 3662 vulgp
909 3562 1025 3627 dicitur
1039 3563 1072 3625 in
1086 3561 1206 3626 scholis
1304 3595 1313 3609 .

150 3585 457 3737 philosopirorum:
480 3649 637 3712 contraria
658 3647 747 3712 ‘uxta
768 3669 802 3711 se
824 3669 958 3713 mvrcem
980 3649 1085 3733 posita
1101 3647 1206 3734 magis

167 3731 365 3796 elucescunt.
379 3736 588 3799 Varusrus.
616 3671 756 3798 Addidit
769 3733 898 3798 Gruteri
912 3735 1014 3798 Lectt.
1031 3733 1205 3811 Strothius,

168 3817 203 3880 in
221 3818 338 3904 quibus
356 3823 383 3881 ἐν
400 3822 456 3898 τοῖς
476 3822 514 3900 μὴ
535 3824 645 3906 τηροῦσι
667 3819 810 3905 positum
831 3832 890 3884 est.
927 3818 1070 3905 Optime.
1105 3817 1206 3884 Haud

168 3924 245 3966 vero
259 3903 379 3967 invenit
393 3903 581 3990 particulam
597 3909 624 3968 ἐν
638 3903 780 3990 Rapiatur,
798 3905 854 3989 qui
874 3905 919 3969 sic
936 3906 1041 3983 vertit,
1057 3925 1125 3967 rum
1140 3902 1206 3968 uti-

164 4009 230 4074 que
245 3999 276 4053 et
291 3988 366 4072 ipsis
382 3988 572 4054 contrarium
585 3990 750 4069 videretur,
763 3989 845 4077 quod
857 4012 919 4054 non
933 3989 1028 4054 etiam
1042 3989 1148 4054 coeteri
1161 3988 1206 4052 si·

168 4072 288 4138 militer
308 4073 511 4138 observarent.
546 4076 642 4140 Anne
657 4097 736 4161 ergo
752 4077 797 4139 ita
811 4075 1010 4162 supplendus
1029 4096 1140 4139 sensus
1149 4076 1207 4138 i·-

165 4157 314 4247 qvamvis
336 4158 528 4228 'observantia
547 4159 650 4250 nangis
670 4157 826 4227 contrariu
845 4160 1007 4227 videbatur
1026 4183 1087 4226 non
1108 4159 1207 4225 obser·
