2716 4748
432 245 766 377 'aanrarro
1069 301 1136 375 xix

73 480 205 557 rmulta
221 493 347 558 lamen
364 507 434 582 ego
451 489 707 580 α’ποσπασμᾶτια
731 487 907 560 allaturus
930 511 1025 576 sum,
1048 510 1138 582 qllae

86 599 251 677 historiae
276 605 446 681 literariae
477 635 588 683 sacrae
617 610 855 707 scriptoribus
881 609 1008 706 ignota
1032 619 1135 696 aunt,-

84 726 192 823 plura
209 741 332 802 autem
351 732 398 804 ab
415 731 546 804 iiidern
565 732 738 821 indicata,
758 731 821 805 sed
838 731 1028 806 communi
1046 732 1133 803 hae·

84 861 193 924 tenus
215 874 285 926 usu
309 853 485 949 sejuncta,
504 869 631 953 utpote
654 881 737 951 quae
760 856 799 927 in
823 855 938 941 libris,
957 855 1011 927 vel
1031 880 1133 952 mag·

84 999 143 1048 nae
161 976 282 1067 molis,
299 978 355 1050 vel
375 979 464 1052 raris
487 979 653 1067 inventu,
672 1004 769 1076 saepe
786 978 1018 1050 delitescunt.
1070 975 1132 1049 De

84 1098 261 1195 reliquiis,
279 1128 364 1198 quae
382 1103 481 1202 typis
499 1104 688 1198 impresaae
704 1103 867 1191 fuerunt,
885 1115 1044 1176 tantum.

131 1220 193 1295 De
211 1223 411 1299 Librorum
429 1225 625 1298 MStorum
645 1224 842 1322 Catalogia,
857 1237 967 1319 atque
981 1223 1026 1296 de
1041 1221 1132 1296 MS-

83 1342 129 1418 tia
146 1344 249 1442 ipsis,
267 1372 367 1420 nunc
384 1360 440 1419 est
455 1345 729 1445 exponendum.
780 1347 866 1436 Sed,
880 1345 980 1443 quod
998 1346 1132 1419 referre

82 1463 195 1562 piget,
218 1465 295 1538 fere
320 1472 503 1563 quotquot
525 1480 702 1540 tractatus
727 1467 895 1540 anecdoti
920 1468 1130 1540 auctoribus

83 1588 173 1660 meis
187 1588 226 1661 in
242 1589 300 1661 his
317 1588 503 1661 indicibus
521 1591 766 1687 assignantur,
779 1617 841 1663 eos
859 1591 916 1662 vel
932 1593 1132 1685 ψευδεπιγρά-

83 1736 149 1798 ooo<
165 1737 257 1800 ease,
274 1713 331 1783 vel
349 1712 697 1808 interpolationibus
720 1711 920 1785 admodum
939 1725 1130 1810 corruptos

83 1860 159 1907 eme
185 1835 334 1917 inveni;
362 1835 522 1932 exempli
548 1836 676 1929 gratia,
700 1835 739 1906 S.
764 1835 860 1907 Petri
885 1834 1130 1910 Alexandrini

83 1952 272 2050 Praecpta
283 1956 336 2027 ad
345 1957 603 2029 instituendam
613 1956 725 2028 uitam
736 1956 854 2045 atilio,
867 1953 1072 2033 Homiliam
1088 1953 1129 2029 in

82 2074 303 2151 bibliotheca
317 2078 510 2152 Parisiensi
526 2091 720 2160 servatam3
739 2077 765 2149 J
768 2077 832 2150 ulii
846 2076 1011 2149 Africani
1025 2073 1129 2148 Nar·

81 2199 258 2272 rationem
289 2201 332 2273 de
363 2202 410 2274 iia
441 2227 519 2298 qao
551 2203 590 2273 in
621 2200 773 2273 Perside
802 2215 911 2297 gesta
943 2214 1031 2272 rant
1062 2200 1131 2273 aab

85 2323 224 2399 canta
248 2327 544 2415 incarnationem,
568 2352 680 2424 penes
702 2324 962 2397 bibliothecam
987 2321 1130 2399 Vindo-

80 2446 296 2538 beneuram,
310 2474 394 2546 quae
411 2460 538 2522 tamen
556 2448 779 2546 nuperrime,
794 2461 835 2520 ut
853 2447 980 2519 docuit
997 2474 1064 2521 nos
1081 2447 1130 2522 cl.

79 2563 273 2659 Harleaiun
300 2571 547 2668 Supplentent.
572 2572 624 2643 ad
647 2570 850 2643 Introdaet.
880 2569 982 2642 fflst.
1010 2568 1128 2668 Ling.

42 2787 45 2794 .
83 2688 152 2763 Gr.
179 2689 251 2763 vol.
270 2690 308 2763 ii.
332 2717 371 2787 p.
394 2703 481 2780 370.
506 2716 553 2762 ex
586 2690 683 2763 binis
711 2689 817 2763 codd.
849 2689 999 2764 Monac.
1028 2691 1127 2763 edita

36 2848 42 2865 ·
79 2827 153 2899 eat3
182 2812 449 2910 Melitouiaque
474 2815 625 2887 Clavem
654 2815 693 2886 in
717 2813 885 2911 Collegio
910 2814 1128 2889 Claromon·

79 2948 166 3010 tuno
192 2935 388 3011 Parisienai
413 2938 501 3010 olim
529 2937 752 3035 repositam
787 2962 944 3032 quorum
973 2937 1125 3034 quidem

78 3069 314 3149 tractatuum,
346 3058 442 3132 sicut
472 3058 627 3131 aliorum
657 3059 889 3157 scriptorum,
917 3059 1126 3157 dequibus

78 3177 148 3251 alio
174 3178 257 3251 loeo
279 3178 444 3252 dicturus
462 3205 558 3268 sum,
576 3205 786 3278 comparare
803 3182 1013 3278 apographa
1030 3180 1124 3254 mihi

78 3298 194 3373 licuit.
229 3298 291 3372 De
308 3299 475 3377 nondum
494 3302 580 3378 visis
598 3302 691 3375 ferre
707 3302 927 3377 sententiam
947 3328 1022 3374 non
1040 3328 1125 3400 posf

78 3448 185 3509 aum3
224 3423 288 3497 aed
316 3424 499 3522 hodieque
527 3440 664 3516 extare,
689 3437 728 3498 et
755 3425 832 3498 fore
861 3427 1049 3522 quondam
1080 3439 1124 3501 ut

77 3548 235 3625 edamur
251 3551 395 3642 κειμήλια
413 3549 626 3621 nominibus
644 3560 833 3621 auctorum
855 3575 1020 3621 meorum
1047 3575 1124 3622 me·

77 3669 167 3744 liore
182 3669 269 3766 jure
284 3670 472 3768 inscripta,
490 3696 567 3743 non
583 3682 640 3742 est
655 3671 764 3768 plane
781 3669 1063 3768 desperandum.

125 3793 189 3866 Ad
212 3794 319 3888 ῥύσεις,
342 3784 416 3867 sive
438 3794 655 3892 fragmenta,
677 3793 778 3889 quod
799 3795 931 3867 attinet
954 3822 1121 3894 meorum

77 3928 269 3991 auctorum
282 3919 339 3991 vel
352 3918 516 4016 longiora
526 3918 583 3991 vel
597 3918 772 4009 breviora,
785 3945 869 4015 quae
882 3920 1019 3995 indicio
1035 3924 1123 3996 ube·

76 4037 216 4113 riorum
234 4039 495 4137 catalogorum
513 4039 673 4113 maxime
690 4039 734 4112 in·
749 4039 897 4113 Catenis
916 4068 979 4115 seu
997 4042 1124 4142 Expo-

76 4158 275 4235 aitionibua
295 4159 335 4236 S.
352 4159 563 4262 Scriptura,
581 4161 736 4259 aliisque
755 4163 794 4237 id
815 4189 937 4263 genus.
954 4165 1122 4239 collecta·
1160 4146 1168 4156 ’

576 4278 638 4360 b'a
