2716 4748
268 294 333 367 224
600 282 959 352 Axuorrrrouns

269 451 389 603 posuit,
404 453 491 540 quod
513 453 578 521 fieri
598 476 664 520 non
684 455 852 542 potuisset,
867 455 927 521 nisi
942 456 1074 521 alteram
1089 454 1123 520 in
1137 466 1232 524 textu
1244 479 1299 525 ex·

293 538 378 604 ibere
399 539 626 605 constituisset.
657 541 792 627 Ῥηχαὸἶν
811 542 908 607 habet
921 542 997 608 MS.
1013 540 1156 629 Norsolc.
1177 550 1227 607 τοῦ
1244 550 1300 609 alat

267 623 423 712 ’ἢχαὸεἴμ
452 625 622 714 Hagesippr'
647 628 839 709 saraptam
862 628 954 693 Bodl.
1004 630 1087 693 Mox
1113 627 1213 716 ἔκραξε
1241 651 1299 717 pro

270 709 367 800 ἔκςαζε
382 712 458 776 MS.
476 711 567 777 Badl.
582 724 615 777 et
632 712 792 801 Georgius.
920 734 925 743 ·

314 798 347 861 P.
372 804 439 877 196.
463 799 485 863 l.
503 813 533 861 2.
554 798 712 877 παύσασθε,
737 799 766 861 ri
789 799 910 883 ποιεῖτε]
937 800 997 885 Epi
1020 798 1135 864 hanins
1158 799 1192 865 ln
1217 802 1300 867 ΗΕ·-

268 882 330 947 resi
345 894 396 958 78.
412 906 476 948 non
498 906 517 948 a
539 882 713 948 Rechabita
731 883 895 948 sacerdote
910 883 978 949 haec
992 820 1162 951 dictaesse
1177 886 1299 965 scribit,

268 967 324 1033 sed
338 991 356 1032 a
370 970 528 1057 Symeone
541 968 654 1054 Clopae
666 969 742 1049 filio,
752 970 807 1056 qui
818 971 837 1034 J
840 969 933 1033 acobi
942 969 1022 1057 justi
1037 970 1133 1035 frater
1146 972 1299 1057 patruelis

268 1054 566 1119 eratVsssstus.
581 1053 657 1119 Vid.
668 1069 736 1120 not.
747 1055 890 1140 proxime
900 1069 972 1119 ante
984 1054 1080 1141 posit.
1098 1056 1238 1121 Sanctus
1248 1055 1299 1121 hic

269 1151 378 1204 noster
391 1140 533 1205 Jacobus
546 1154 656 1205 contra
670 1162 756 1219 suos,
768 1141 797 1204 ni
814 1141 918 1219 fallor,
930 1140 1106 1228 disputans,
1118 1142 1176 1228 qui
1188 1142 1300 1206 Chris·

269 1236 338 1289 tum
359 1224 530 1313 justosque
553 1226 699 1291 homines
722 1238 814 1289 antea
836 1226 980 1291 similiter
1001 1226 1250 1307 trucidaverant,
1268 1227 1300 1293 in

268 1309 405 1397 epistola
426 1334 484 1377 sua
505 1311 550 1375 ita
571 1311 739 1392 exclamat,
761 1312 987 1392 Karelrnalaars,
1009 1312 1170 1396 ἐφονεύσατε
1189 1314 1238 1377 τὸν
1259 1312 1300 1376 li·

270 1418 356 1460 xaoar·
381 1401 430 1459 οὐκ
452 1397 650 1472 &sesostres
668 1400 740 1478 ὑμῖν.
754 1396 862 1460 Jacobs
877 1398 941 1483 Ep.
954 1422 982 1461 v.
994 1404 1024 1462 6.
1049 1400 1133 1463 Mox
1147 1398 1244 1486 ririplr
1273 1406 1301 1420 ”“

273 1481 346 1546 MS.
360 1481 452 1546 Bodl.
468 1481 596 1568 Nweplt.
615 1482 834 1569 Georgiusqua.

313 1566 398 1633 Ibid.
415 1566 438 1632 l.
453 1583 483 1634 3.
506 1567 600 1633 xatas
620 1569 662 1642 τὶς
682 1570 729 1631 ἀπ’
752 1572 840 1631 αὐτῶν
866 1565 901 1641 εἷς
922 1573 976 1629 τῶν
998 1566 1123 1653 propiare
1148 1569 1180 1631 τὸ
1203 1567 1298 1655 ξύλον]

267 1653 353 1718 Haec
374 1655 468 1720 verba
488 1653 616 1719 duobus
637 1654 743 1717 modis
765 1650 907 1717 construi
927 1667 1080 1737 possunt:
1105 1675 1222 1741 nempe
1239 1652 1302 1719 hoc

270 1738 370 1804 modo
391 1741 426 1814 εἷς
447 1765 489 1814 τις
509 1741 556 1802 a’trr‘
579 1743 678 1817 αὐτῶν,
692 1735 786 1802 nadair
805 1738 838 1800 sl
859 1744 914 1800 τῶν
931 1737 1056 1823 propius
1069 1737 1162 1816 ξύλον.
1200 1738 1242 1804 Id
1254 1752 1310 1804 θεῖ’

269 1846 353 1889 unus
366 1846 405 1887 ex
419 1824 480 1888 illis
494 1837 619 1910 arrepto
637 1824 766 1889 fullonis
781 1835 879 1887 vecte.
915 1823 985 1887 Aut
1004 1824 1036 1887 in
1055 1822 1139 1887 hunc
1156 1822 1303 1905 modum,

268 1934 311 1982 τις
325 1911 372 1972 ἀπ’
385 1913 485 1988 αὐτῶν,
501 1909 536 1983 εἷς
549 1915 602 1972 τῶν
617 1909 754 1995 γναφέων,
767 1906 860 1972 andalo
873 1908 904 1970 ri
916 1907 1008 1986 ξύλον.
1045 1911 1154 1996 Quam
1169 1908 1303 1975 distinc-

269 1993 393 2058 tionem
414 2006 541 2058 secutus
563 2009 613 2059 est
635 1995 778 2058 Rufinus.
801 1995 845 2058 ita
866 1993 951 2057 enim
974 1993 1087 2059 vertit:
1112 1994 1158 2058 Et
1171 2018 1253 2060 unus
1266 2018 1305 2060 ex

272 2077 347 2164 ipsis
350 2077 452 2165 fallo,
468 2079 698 2167 arreptofitsta,
712 2079 745 2143 r'rr
760 2102 819 2168 quo
833 2101 882 2143 res
895 2079 1065 2164 exprimere
1077 2077 1187 2144 soleat.
1232 2083 1303 2147 Ne·

293 2186 333 2228 ue
344 2164 435 2230 aliter
446 2166 543 2229 ceteri
557 2165 753 2251 interpretes.
775 2166 885 2251 Atque
898 2164 983 2229 hunc
996 2186 1123 2229 sensum
1134 2164 1305 2231 confirmat

270 2187 423 2315 {lerneus
445 2250 679 2315 Alexandrinus
706 2250 738 2314 in
765 2249 848 2315 libro
871 2249 922 2314 vii.
945 2251 1221 2338 Hypotyposeorr,
1247 2252 1305 2316 ubi

270 2337 428 2402 Jacobum
446 2359 464 2400 a
479 2337 601 2401 fullone
622 2337 846 2421 interemptum
861 2357 930 2399 esse
946 2335 1066 2399 scribit.
1101 2337 1212 2400 Verba
1227 2336 1305 2401 Cle-

271 2423 387 2488 mentis
409 2421 568 2486 habentur
587 2445 683 2508 supra
703 2422 733 2485 in
752 2442 821 2506 cap.
840 2437 865 2483 t.
881 2420 976 2507 hujus
991 2421 1073 2485 libri.
1108 2421 1305 2507 Apollonius

272 2508 429 2574 Collatino
444 2509 475 2572 in
490 2509 546 2572 lib.
560 2509 587 2571 Ι.
602 2508 643 2572 de
658 2506 790 2572 Excidio
809 2506 969 2570 Hierosol.
984 2507 1144 2570 Jacobum
1160 2530 1226 2571 non
1241 2508 1304 2572 ful-

267 2595 352 2661 lonis
367 2608 467 2672 vecte,
483 2594 539 2658 sed
555 2593 658 2658 securi
672 2614 855 2678 percussum
871 2592 1028 2656 interiisse
1042 2592 1162 2656 scribit.
1178 2595 1304 2658 Vass-

271 2702 370 2746 stus.
406 2678 526 2760 κναφέων
538 2701 612 2742 cum
628 2677 790 2762 xMceplt.

314 2763 397 2828 Ibid.
412 2764 434 2827 l.
445 2778 475 2826 4.
497 2762 529 2827 sd
542 2763 624 2842 ξύλον
639 2767 665 2826 ἐν
679 2761 702 2848 ᾧ
714 2762 840 2844 ἂπεπῖεζε
853 2767 890 2825 rol
904 2763 1018 2845 ἱμάτια]
1034 2763 1257 2849 Hieronymus
1271 2764 1303 2827 in

269 2849 352 2915 libro
367 2848 407 2912 de
422 2848 630 2933 scriptoribus
648 2848 879 2913 Ecclesiasticis
895 2848 979 2913 hunc
994 2848 1100 2912 locum
1116 2849 1161 2913 ita
1175 2869 1304 2933 expres-

270 2934 333 2999 sit:
357 2933 496 2998 Falloru's
508 2933 612 3020 fuste,
632 2956 689 3020 quo
712 2934 775 2998 ada
794 2934 975 2997 vestimenta
996 2934 1173 3020 extorqueri
1194 2933 1304 3012 solent,

271 3021 304 3085 ia
322 3020 437 3084 caedra
458 3035 616 3104 percussos
637 3019 768 3083 interiit.
813 3018 1004 3105 Hieronymi
1018 3020 1113 3083 verba
1129 3020 1246 3083 Graece
1259 3020 1305 3083 ita

268 3105 363 3172 vertit
384 3104 595 3192 SophroniuS,
610 3110 650 3191 τῷ
668 3131 700 3167 τε
718 3109 840 3189 erupturi
854 3131 877 3186 μ
917 3110 958 3190 λῳ
971 3102 993 3189 ᾦ
1005 3108 1043 3167 roi
1060 3105 1159 3186 ἱμάτια
1174 3103 1302 3186 instigat

269 3192 397 3257 εἰώθασι.
420 3192 591 3256 Masculus
602 3191 729 3292 quidem
744 3189 872 3254 Eusebii
897 3211 991 3252 ccum
1004 3189 1049 3254 ita
1060 3190 1163 3267 vertit,
1174 3211 1303 3254 sauses

258 3276 442 3366 firllorrilas
462 3288 586 3362 arrepto
606 3286 805 3341 lustramenta
822 3297 880 3362 quo
896 3274 1076 3338 vestimenta
1091 3275 1253 3339 sanctiunt
1268 3297 1302 3339 ac

265 3375 419 3452 purgarat.
461 3364 592 3448 Langus
615 3384 689 3427 vero
710 3360 888 3446 Nicephori
909 3361 1062 3445 interpres
1084 3361 1130 3423 sic
1153 3360 1301 3425 reddidit.

269 3449 317 3514 Et
328 3447 492 3534 fullonum
508 3448 635 3534 quidam
649 3447 732 3533 ligno
748 3469 806 3532 quo
820 3456 915 3509 vestes
934 3444 1149 3530 complanabat
1169 3456 1302 3532 arrepto.

269 3534 357 3599 Mihi
377 3531 506 3620 quidem
527 3533 630 3618 magis
653 3533 758 3617 placet
782 3531 886 3597 Rufini
901 3545 933 3594 et
949 3530 1238 3616 Christophorsoni
1251 3552 1303 3595 ex·

269 3620 400 3707 positia,
427 3619 483 3705 qui
511 3633 610 3683 vestes
637 3637 781 3717 premere
812 3639 871 3681 seu
898 3616 1074 3702 exprimere
1103 3616 1301 3702 interpretati

270 3720 355 3772 aunt.
400 3705 440 3768 ld
458 3704 543 3767 enim
563 3704 722 3790 signrficat
741 3725 801 3766 vox
819 3701 935 3784 πιέζειν,
951 3723 990 3765 ex
1008 3725 1072 3788 qua
1093 3701 1129 3765 fit
1150 3703 1303 3790 ωιεςήριον,

292 3791 359 3855 uod
383 3803 431 3854 est
454 3789 568 3853 Latine
589 3789 783 3874 pressorium
810 3809 867 3851 seu
893 3787 1039 3872 praelum.
1082 3787 1217 3872 Duplex
1243 3787 1304 3852 fuit

317 3877 429 3941 ionum
445 3873 597 3941 officium.
640 3876 727 3938 Nam
743 3886 776 3937 et
791 3872 933 3937 maculas
948 3872 1098 3938 eluebant
1111 3894 1129 3937 e
1145 3872 1287 3938 vestibus
1293 3897 1303 3956 3

268 3977 301 4029 et
315 3984 370 4027 eas
383 3959 585 4039 dealbabant,
599 3980 636 4022 ac
651 3959 852 4045 splendorem
869 3958 906 4022 iis
922 3958 1145 4023 conciliabant.
1167 3960 1306 4023 uteban-

267 4061 321 4114 tur
331 4061 438 4113 autem
450 4045 492 4109 ad
503 4044 536 4109 id
548 4045 711 4131 pressoriis
722 4066 779 4109 seu
790 4044 906 4130 praelis,
917 4058 953 4108 ut
965 4044 1068 4109 notavi
1079 4044 1121 4108 ad
1133 4043 1189 4108 lib.
1198 4044 1304 4111 xxviii.

268 4136 380 4199 Amm.
402 4129 583 4196 Marcellini
604 4150 636 4216 p.
649 4136 720 4195 366.
758 4131 856 4195 Porro
880 4130 911 4193 in
938 4130 1098 4195 manuscri
1122 4129 1163 4194 tis
1185 4130 1305 4196 nostris

269 4215 519 4285 Mataurense
534 4215 664 4283 Ruketii
683 4215 838 4304 scriptum
860 4229 912 4281 est
931 4215 1071 4299 ἁππίιξ.
1093 4153 1304 4295 liranus.
