2716 4748
244 276 305 341 228
580 263 941 341 ANNOTATIONES

245 438 432 535 quibusdam
458 438 612 537 lroercticis
636 462 700 539 esse
720 441 862 539 delatos,
876 451 983 539 utpote
1006 439 1063 539 qui
1082 451 1119 539 ‘et
1147 422 1289 507 fluidis

245 535 342 608 stupe
356 533 455 589 essent
468 524 602 605 ouandi,
615 536 647 588 et
667 539 763 609 epotus
787 526 904 603 Christi
922 536 1159 612 propinquitate
1168 526 1231 613 fid
1252 549 1288 591 e·

244 618 325 671 tent.
357 608 404 672 Et
419 607 486 672 ltaec
501 606 624 706 quidem
638 618 771 675 testatur
783 606 981 697 Hegesippus
992 609 1040 673 bis
1055 610 1167 675 verbis.
1195 548 1288 689 Hie,

247 690 361 790 inquit,
376 691 576 791 temporibus
592 694 652 790 pcc.
694 694 855 792 Videntur
874 694 1017 759 heretici
1039 688 1094 762 hio
1113 690 1289 759 memorati

247 777 366 841 similes
394 776 523 840 illorum
554 777 664 875 fursee,
690 800 746 876 qui
774 801 793 843 a
817 800 871 843 me
898 799 994 864 supra
1018 777 1158 877 'adducti
1182 776 1290 844 etad

245 880 322 946 pag.
340 876 407 939 191.
425 860 576 925 collocati
591 874 677 939 sunt,
693 884 814 960 quique
828 875 942 961 postea
953 864 1095 949 Trajano
1108 874 1289 961 imperante·

247 945 441 1043 Symeonem
457 946 644 1031 episcopum
662 948 996 1034 Hierosolymrtanum
1010 945 1157 1033 ejusdem
1177 947 1292 1017 crime,

248 1050 297 1092 ms
317 1030 556 1094 arcessiverunt.
602 1029 769 1109 Conferas,
785 1054 858 1117 quae
872 1030 964 1094 initio
979 1030 1134 1095 adnotatu
1151 1044 1229 1095 sunt
1244 1026 1289 1094 a'd

246 1126 404 1199 pag.20‹l.·
422 1128 457 1178 et
474 1114 655 1200 Hegesippi
670 1116 765 1179 verba
778 1115 811 1179 in
826 1118 1021 1213 Fragmento
1041 1114 1118 1179 huic
1138 1113 1290 1201 subjecto

248 1196 290 1261 ad
305 1218 381 1283 pag.
396 1212 463 1275 198⁴
487 1197 650 1263 Caeterum
666 1212 772 1263 narrat
784 1199 944 1263 Eusebius
958 1198 1015 1263 lib.
1028 1198 1073 1263 iii.
1090 1198 1181 1263 Hice.
1195 1218 1228 1263 c.
1241 1212 1290 1263 ηε

248 1282 482 1367 Vespasianum
496 1305 627 1369 quoque
642 1284 822 1347 Domitiani
841 1294 965 1371 patrem
980 1296 1055 1369 post
1067 1295 1291 1368 expugnatam

250 1365 525 1465 Hierosolymam,
540 1389 652 1431 ornnes
671 1368 743 1431 illos
757 1369 814 1453 qui
828 1389 847 1431 a
861 1366 986 1431 Davide
999 1388 1104 1453 genus
1119 1366 1290 1445 ducerent,

248 1450 391 1536 perquiri
401 1452 546 1537 jussisse,
559 1474 599 1515 ne
614 1452 783 1538 quisquam
795 1451 883 1537 apud
893 1451 1027 1516 Judaeos
1039 1451 1186 1537 enegio
1199 1451 1295 1515 tribu

249 1547 449 1620 superessem
538 1551 580 1600 ue
603 1558 644 1599 ex
667 1556 766 1601 causa
787 1535 1008 1622 gravissimam
1029 1534 1292 1621 persecutionem

247 1618 372 1683 Judaeis
385 1618 507 1683 illatam
537 1622 631 1685 uisse.

293 1704 328 1767 P.
342 1709 409 1782 196.
422 1700 507 1767 l.2'2.
529 1705 615 1768 simol
636 1703 742 1788 Ἰούδα]
758 1705 797 1767 ln
819 1701 933 1767 codice
955 1702 1060 1788 Regio
1080 1724 1119 1767 ac
1141 1701 1238 1768 Med.
1257 1710 1310 1767 et'

248 1787 337 1873 apud
352 1789 533 1874 Georgium
555 1789 743 1875 Syncellum
765 1788 886 1874 legitur
906 1793 968 1850 clav
983 1787 1076 1850 Ἰούδα
1093 1786 1156 1851 leri
1172 1784 1291 1857 ‹limi-

248 1872 347 1936 mine.
387 1870 542 1936 Ceterum
562 1873 663 1936 miror
680 1871 965 1958 Scaligemm‚·qui
978 1870 1012 1935 in
1025 1868 1293 1941 Animadversio-

249 1955 346 2021 nibus
364 1955 554 2021 Eusebianis
578 1978 654 2042 pag.
671 1968 739 2032 187.
755 1971 823 2022 tam
845 1955 1033 2035 Eusebium,
1055 1968 1154 2041 q'uam
1175 1954 1293 2042 Hege-

249 2041 379 2127 sippum
401 2040 563 2105 immerito
585 2040 800 2126 reprehendit.
842 2041 931 2105 Nam
954 2060 1057 2125 neque
1081 2038 1293 2127 Hegcsippm

248 2125 471 2210 posteritatem
492 2123 625 2189 Davidis
646 2124 688 2188 cd
708 2124 791 2190 duos
812 2137 938 2190 tantum
962 2122 1111 2199 homines
1128 2138 1208 2193 tunc
1221 2144 1297 2195 ease,

249 2208 413 2274 redactam
428 2208 521 2288 dixit,
536 2222 574 2275 ut
594 2209 677 2273 falso
689 2210 720 2273 ei
732 2208 846 2296 objicit
858 2208 1023 2293 Scaliger3
1044 2208 1101 2273 sed
1118 2207 1293 2294 posterita-

249 2308 316 2358 tem
330 2294 425 2359 Judae
441 2293 499 2380 qui
513 2306 582 2358 erat
595 2289 693 2358 irater
710 2294 856 2358 Domini.
899 2294 972 2357 Nec
994 2292 1153 2356 Eusebius
1174 2293 1294 2377 Hege-

248 2378 332 2465 sippi
347 2378 441 2443 verba
456 2378 549 2444 aliter
562 2378 697 2463 accepit.
730 2377 827 2441 Certe
841 2377 1047 2462 Hegesippus
1058 2375 1176 2440 diserte
1190 2389 1294 2440 testa·

247 2477 302 2528 tur
327 2464 522 2550 symeonem
546 2462 662 2548 Clopae
689 2462 802 2539 filium,
825 2461 880 2546 qui
909 2475 987 2525 tunc
1014 2473 1083 2525 erat
1108 2460 1295 2545 Episcopus

250 2548 568 2634 Hierosolymorum,
582 2562 691 2612 ortum
707 2546 806 2610 fuisse
820 2566 859 2609 ex
870 2559 969 2630 gente
982 2544 1148 2609 Dauidica.
1180 2546 1296 2609 Verbe

249 2633 320 2719 ejus
335 2631 434 2695 habes
450 2633 533 2696 infra
548 2654 618 2718 cap.
633 2645 684 2696 32.
718 2632 832 2716 ltaque
853 2650 913 2693 nec
933 2630 1143 2714 Hegesippus
1162 2629 1295 2706 erravit,

249 2738 309 2781 neo
330 2717 500 2781 Eusebius.
546 2718 619 2801 Ipse
638 2715 747 2802 potius
767 2713 910 2799 Scaliger
933 2712 1213 2798 reprehendendus
1230 2725 1295 2792 est,

248 2802 305 2900 qui
319 2799 467 2864 adversus
483 2800 708 2867 auctoritatem
728 2797 920 2897 Hegesippi‚
936 2796 1143 2861 vetustissimi
1155 2797 1296 2882 scripto-

248 2906 292 2949 ns
307 2896 340 2948 et
353 2884 553 2969 Apostoliois
566 2883 767 2970 temporibus
780 2882 930 2968 proximi,
941 2880 1101 2945 obstinate
1114 2880 1297 2960 contendit,

250 2967 375 3032 nullum
402 2989 544 3054 unquam
570 2969 690 3033 Judam
714 2969 846 3032 fratrem
871 2965 1008 3030 Domini
1029 2965 1182 3029 extitisse.
1227 2965 1298 3048 Sed

250 3066 363 3117 contra
376 3067 427 3117 est
441 3053 639 3138 Epiphanius
658 3052 694 3131 in
712 3051 827 3117 haeresi
841 3062 890 3126 7⁸·
907 3049 963 3135 qui
975 3051 996 3115 J
999 3050 1156 3134 osephum
1170 3070 1212 3114 ex
1226 3050 1297 3136 pti·

250 3159 306 3204 ore
321 3138 477 3225 conjugio
491 3151 630 3223 quatuor
644 3137 689 3203 ait
706 3136 885 3222 suscepisse
905 3134 1024 3198 liberos
1037 3134 1212 3211 Jacobum,
1226 3135 1296 3220 Sy·

248 3245 411 3300 meonem,
436 3224 582 3287 Josetem
608 3235 642 3288 et
667 3221 800 3286 Judam.
824 3219 878 3284 cui
902 3218 1063 3283 consentit
1088 3218 1297 3317 Hippolytus

250 3307 435 3374 Portuensis
449 3308 627 3393 Episcopus
641 3306 726 3392 apud
745 3300 969 3388 Nicephorum
984 3303 1017 3366 in
1031 3302 1114 3367 libro
1127 3302 1159 3365 h.
1174 3322 1249 3387 cap.-
1262 3316 1295 3365 3.

249 3392 310 3455 nisi
331 3390 421 3477 quod
442 3412 501 3476 pro
523 3392 686 3477 Symeone
707 3391 872 3456 Simonem
891 3387 984 3465 dicit,
997 3387 1115 3450 rectius
1137 3396 1174 3450 ut
1196 3402 1298 3470 supra

251 3477 380 3540 notavi:
403 3487 436 3539 et
452 3475 530 3539 filias
546 3476 638 3540 aliter
649 3476 804 3540 nominat.
844 3473 913 3538 ¹His
928 3469 1055 3535 accedit
1070 3470 1296 3557 Hieronymus

250 3559 284 3626 in
308 3559 391 3623 libro
415 3558 565 3624 adversus
587 3560 785 3624 Helvidium.
838 3548 939 3639 Dicet
959 3556 1094 3619 fortasse
1117 3553 1235 3639 aliquis
1261 3554 1298 3619 id

251 3643 340 3743 quod
363 3667 382 3708 a
401 3643 568 3729 Scaligero
589 3646 712 3709 dictum
732 3656 792 3722 est,
808 3643 929 3707 nullam
950 3640 983 3703 in
1001 3637 1180 3737 Evangelio
1199 3660 1296 3703 men·

250 3742 373 3797 tionem
388 3728 458 3828 ejus
472 3730 491 3791 J
495 3730 567 3793 udae
582 3728 660 3793 fieri.
690 3729 797 3791 Immo
811 3748 885 3791 vero
900 3723 1082 3792 Matthaeus
1094 3744 1129 3785 m
1143 3743 1216 3807 cap.
1228 3722 1296 3787 xiii.

250 3811 292 3879 de
312 3811 369 3877 illo
387 3835 432 3876 src
450 3812 613 3898 loquitur:
637 3814 747 3876 Νοηηε
767 3823 869 3876 mater
887 3812 962 3895 ejus'
973 3807 1090 3875 dicitur
1104 3806 1221 3870 Maria
1230 3831 1243 3884 ‚·
1264 3817 1296 3870 ct

240 3896 368 3986 fratres
383 3898 448 3980 ejus
460 3896 604 3974 heolus,
616 3896 741 3980 decepi,
753 3896 858 3962 Simon
872 3907 902 3959 et
917 3890 1044 3959 Julius?
1068 3891 1159 3956 Idem
1175 3891 1206 3955 le
1232 3891 1298 3955 itur

250 3982 285 4048 in
301 3983 407 4046 Marci
422 4003 493 4071 cap.
505 3981 546 4045 vi.
583 3980 684 4044 Vides
708 3995 745 4045 ut
766 3981 910 4065 Scaliger
923 3980 1025 4044 nimio
1040 3912 1296 4072 reprehendendi

251 4067 359 4135 studio
381 4066 544 4151 abreptus,
563 4066 679 4129 merito
700 4066 769 4152 ipse
790 4067 823 4150 in
844 4064 1125 4150 reprehensionem
1143 4060 1295 4158 incurrit.

253 4149 536 4223 Pouchis-ludas
550 4171 683 4219 uxorem
700 4173 722 4219 a
740 4148 900 4219 nonnullis
918 4150 1037 4219 dicitur
1050 4145 1207 4245 hahuisse
1220 4143 1297 4215 Ma.-
