2716 4748
277 286 330 355 IN
352 283 568 353 SENIORES
590 282 716 350 APUD
739 283 979 354 IRENAEUM.
1099 290 1141 355 61

105 468 133 502 “
146 457 208 547 piae
222 459 363 527 Joannes
382 459 554 546 Presbyter
568 468 601 522 et
613 454 791 523 Aristion.’'
815 456 895 523 vid:
906 469 939 523 et
953 457 1089 525 Dissert.
1100 456 1141 525 iv.

133 560 185 611 A.
226 594 233 609 .
286 561 316 611 2.
1219 608 1222 617 .

107 548 128 631 i
153 633 190 699 Ρ.
200 559 288 697 13219.
300 647 350 696 2ο.
368 631 540 714 Bersabee]
557 627 704 694 Betsalee
715 626 855 694 Grabius
870 640 945 716 post
959 630 1025 695 cod.
1037 630 1144 695 Anan-

106 715 171 781 del.
185 730 218 781 et
231 717 336 783 multa
348 726 402 783 τῶν
415 717 433 781 a'
444 714 648 802 exemplaria,
665 736 737 815 quae
752 713 872 779 habent
887 714 1042 781 Βεθσαὸεέ.
1134 718 1138 723 ’

127 804 188 952 dP.
199 816 249 868 44.
264 802 289 869 1.
304 816 350 868 14.
373 801 605 890 operationem]
622 799 691 864 Alii
711 800 910 885 operationes.
943 803 1142 868 Missum.

106 895 129 952 a'
163 889 244 953 tren.
479 887 483 897 ’
766 888 771 895 ’
824 888 827 895 ’

154 973 237 1041 Ibid.
253 974 276 1039 1.
291 981 338 1040 16.
356 972 518 1040 Psalmum
533 971 834 1060 exhomologeseos]
852 974 950 1038 Hunc
965 995 1034 1039 esse
1049 974 1145 1061 quin-

106 1059 334 1146 quagesimum
355 1061 451 1125 etiam
472 1059 613 1123 fatentur
634 1059 777 1133 Hebraei,
799 1058 987 1145 hujusmodi
1012 1060 1144 1125 titulum

106 1145 215 1209 eidem
237 1146 425 1233 affigentes:
448 1144 595 1209 Psalmns
620 1144 739 1222 David,
761 1145 883 1231 qnando
905 1147 990 1210 venit
1012 1147 1054 1210 ad
1073 1167 1145 1210 eum

107 1229 241 1296 Nathan
257 1226 426 1315 Propheta,
440 1230 563 1318 'qnando
578 1229 709 1295 intravit
725 1230 766 1294 ad
779 1229 958 1296 Bethsadee.
995 1233 1144 1299 Fauna·

109 1337 229 1380 nsua.
246 1317 286 1382 ad
301 1319 383 1383 Iren.

153 1402 236 1468 Ibid.
251 1403 335 1469 120.
350 1402 550 1490 sapientiam]
562 1403 687 1468 Vocem
702 1402 776 1480 Dei,
792 1425 888 1489 quam
905 1425 945 1468 ex
958 1403 1022 1470 aad.
1035 1407 1145 1470 Arun-

107 1487 172 1552 del.
187 1489 221 1553 in
241 1489 292 1554 ed.
313 1513 372 1554 sua
393 1489 507 1554 Irenaei
527 1489 666 1553 Grabius
686 1488 840 1576 adjecisse
861 1512 895 1553 se
914 1490 1047 1569 dixerat,
1068 1489 1146 1578 quia

106 1597 198 1640 sacer
215 1587 333 1656 textus,
349 1598 414 1663 quo
434 1585 564 1661 spectat·
575 1576 727 1654 Irenaeus,
743 1575 928 1659 sapientiam
942 1578 1005 1640 Dei
1018 1597 1144 1641 memo-

105 1673 201 1740 raret,
216 1662 351 1727 restitui.
654 1711 657 1717 .
1128 1692 1140 1717 ·

151 1747 235 1813 lbid.
257 1761 371 1835 typum
397 1747 462 1812 veri
485 1745 610 1832 templi]
639 1745 822 1810 Salomonis
844 1745 1002 1832 templum
1027 1759 1145 1836 typum

104 1832 207 1899 fuisse
224 1832 346 1898 Christi
358 1833 505 1911 Domini,
519 1832 623 1918 liquet
641 1853 680 1897 ex
701 1832 794 1898 Joan.
806 1831 840 1896 ii.
856 1847 903 1896 11.
926 1831 1042 1898 Solvite
1066 1844 1145 1899 tem·

101 1916 197 2004 pluas
210 1918 267 1984 hac
280 1920 339 1984 &a
354 1918 441 2006 quod
454 1918 619 2004 eleganter
631 1917 770 2004 explicat
779 1917 976 1983 Athanasius
992 1917 1146 1987 Oratione

106 2021 139 2070 5.
152 2019 266 2070 eontra
280 2005 429 2070 Arianos.
461 2004 713 2069 Faunnuauc.
727 2002 771 2068 ad
786 2005 867 2069 lren.

151 2090 237 2156 lhid.
251 2092 276 2156 1.
288 2106 337 2154 21.
360 2104 394 2154 et
413 2089 535 2176 glorias
559 2090 739 2175 exponebat
756 2090 831 2175 &c.]
848 2088 986 2170 Alludit,
1003 2091 1064 2156 nisi
1083 2092 1146 2157 fal-

106 2176 169 2256 lor,
183 2176 226 2255 ad
240 2176 322 2244 Psal.
337 2174 413 2241 lxxi.
433 2176 489 2262 qui
512 2174 694 2240 Salomonis
712 2197 783 2242 esse
800 2175 993 2257 inscribitur,
1005 2178 1145 2243 maxime
1170 2216 1175 2228 ·

106 2263 148 2329 ad
162 2284 244 2328 vers.
257 2275 288 2339 7.
301 2275 335 2328 et
348 2276 378 2327 8.
408 2259 760 2339 exanimatione.

150 2351 187 2414 P.
199 2362 251 2414 4⁵.
265 2347 288 2412 l.
300 2363 349 2412 22.
374 2347 646 2434 evangelizantem
668 2346 798 2431 stillis]
823 2348 876 2411 De
899 2346 959 2412 hac
981 2348 1145 2435 opinione,

102 2456 165 2502 seu
180 2436 216 2500 S.
230 2435 403 2521 Scripturas
417 2432 689 2521 interpretatione,
707 2432 734 2496 si
756 2432 929 2518 theologos
949 2433 1036 2497 adire
1056 2435 1147 2514 velis,

104 2522 244 2586 fortasse
257 2520 356 2586 instar
370 2519 515 2584 omnium
534 2519 595 2583 erit
617 2517 804 2583 Pearsonius
822 2519 856 2583 in
871 2519 991 2604 Enpas.
1006 2519 1147 2607 Synhali

104 2608 212 2673 Artic.
230 2606 395 2671 Descendit
408 2605 451 2670 ad
461 2604 587 2691 iniseros.

150 2693 236 2758 Ibid.
250 2693 274 2758 1.
287 2706 425 2771 29.,ῃοῐι
446 2690 649 2778 imputabant
670 2689 776 2776 nobis]
801 2691 846 2755 H.
860 2711 891 2761 e.
913 2691 1049 2757 ethnicis
1071 2704 1151 2759 ante

107 2778 233 2843 Christi
247 2777 429 2856 adventurn,
444 2789 481 2841 ut
500 2790 586 2841 recte
608 2776 654 2841 ait
677 2777 828 2841 Grabius.
874 2777 1014 2865 Quando
1036 2791 1146 2844 autern

107 2887 174 2929 non
188 2864 410 2950 imputabant?
444 2864 521 2950 Quo
541 2874 688 2948 tempore
702 2861 905 2926 adventuram
921 2879 1031 2949 pacem
1042 2864 1149 2952 genti·

107 2950 164 3014 dus
177 2948 417 3014 annuntiabant.
438 2947 515 3013 Vid.
531 2969 562 3034 p.
573 2960 624 3011 44.
641 2947 664 3010 l.
678 2960 728 3011 21.
745 2963 777 3013 et
791 2949 873 3012 infra
886 2969 918 3034 p.
930 2963 982 3013 45.
1008 2952 1057 3015 Ex
1071 2950 1146 3016 cod.

106 3037 204 3186 goes.
220 3034 415 3122 imputabant
430 3056 489 3121 pro
505 3034 663 3118 imputant
681 3046 754 3098 ante
775 3034 978 3101 Massuetum
993 3050 1146 3123 posuerat

140 3121 261 3186 rebius.

150 3208 186 3270 P.
197 3213 247 3273 46.
261 3206 325 3271 13.
348 3207 506 3293 quoniam·
523 3228 606 3271 unus
630 3217 680 3270 est
700 3205 791 3270 Deus
814 3218 924 3270 noster
944 3217 978 3270 et
998 3206 1144 3293 illorum]

108 3290 233 3356 Contra
247 3290 416 3356 haereticos
435 3293 545 3356 Deum
559 3291 591 3354 in
604 3291 701 3356 veteri
714 3304 907 3358 testamento
922 3293 1147 3358 annuntiatum

105 3399 126 3443 a
146 3392 239 3465 patre
260 3377 394 3442 Domini
416 3376 516 3442 nostri
535 3376 660 3441 Christi
681 3377 925 3464 distinguentes,
946 3379 1055 3445 omnia
1074 3379 1147 3449 haee

104 3463 333 3615 presppterum
350 3463 479 3543 dixisse,
495 3462 669 3527 ostendunt
686 3463 790 3541 verba,
804 3486 878 3552 quae
901 3462 983 3528 infra
1005 3486 1147 3551 sequun-

104 3564 162 3620 tur
229 3570 264 3636 p.
275 3561 325 3613 48.
342 3549 363 3613 1.
379 3564 426 3613 11.
441 3562 475 3613 et
488 3548 575 3631 alibi,
587 3549 713 3612 etiamsi
734 3550 830 3613 effata
850 3549 906 3613 illa
927 3571 947 3612 a
966 3550 1058 3614 nobis
1079 3565 1145 3615 sta-

104 3635 166 3700 tim
181 3634 354 3723 posthanc
370 3640 448 3721 ῥῆσιν
465 3633 634 3713 collocata,
652 3634 763 3698 lrenaei
779 3636 883 3721 magis
898 3657 994 3723 quam
1010 3637 1145 3724 presby-

105 3719 169 3798 teri
182 3721 293 3799 fuisse,
309 3734 449 3786 statuere
463 3720 551 3784 velis.
1117 3732 1120 3736 ’

152 3805 238 3871 ibid.
255 3805 277 3870 l.
291 3822 340 3870 25.
370 3807 472 3888 vides]
497 3807 550 3869 Sic
577 3827 635 3890 pro
658 3805 773 3883 uidens,
797 3804 886 3892 quod
909 3825 1037 3870 sensum
1060 3806 1146 3880 male

104 3891 287 3978 suspendit,
295 3893 425 3978 reposui
438 3891 629 3956 auctoritate
643 3889 716 3955 cod.
728 3889 874 3954 Claram.
900 3892 982 3955 Haec
994 3913 1067 3956 vero
1080 3915 1147 3957 non

106 3977 236 4056 Irenaei,
251 3976 307 4040 sed
324 3977 461 4041 senioris
481 3976 566 4040 illius
586 3997 683 4063 quem
705 3977 813 4060 paullo
829 3990 902 4040 ante
916 3977 1034 4057 citavit,
1050 3979 1147 4057 verba

103 4083 179 4130 esse
193 4062 354 4128 existimo.
388 4063 587 4126 Mnssusr.
603 4061 643 4124 ad
657 4063 738 4125 Iren.

160 4149 194 4213 P.
216 4161 270 4225 47.
296 4147 319 4212 1.
346 4153 396 4212 26.
429 4145 626 4212 ostendebant
653 4148 914 4234 Pnnsarranil
948 4148 1001 4212 Sic
1032 4169 1144 4212 ornnes

102 4232 210 4302 MSS,
233 4246 270 4302 at
290 4234 387 4301 Eros.
412 4231 536 4302 Gallus.
559 4244 592 4299 et
614 4232 746 4299 Feuard.
771 4233 945 4300 ostendebat
967 4224 1148 4322 Freedman
