2716 4748
276 291 340 372 418
613 283 972 353 annornrtonus

278 460 384 525 videat
402 479 472 523 esse
490 453 577 543 apud
598 455 670 523 illos
687 458 862 542 (Romanos)
885 457 1007 545 aliquas
1025 454 1238 534 diversitates,
1251 461 1308 521 nee

277 545 439 630 observari
459 543 525 609 illic
547 544 655 608 omnia
676 544 850 632 equaliter,
872 567 944 630 quse
964 542 1182 630 lerosolymis
1204 542 1308 607 obser*

278 644 403 696 vantur.
427 629 612 696 Secundum
624 629 712 717 quod
727 631 759 694 in
774 629 887 695 ceteris
899 651 1027 717 quoque
1039 627 1216 715 provinciis
1229 627 1309 691 mul·

278 732 313 783 ta
327 738 386 804 pro
401 716 546 781 locorum
561 727 595 778 et
608 716 776 780 nominum
790 715 971 781 diversitate
983 715 1169 780 variantur:
1193 736 1252 779 nec
1264 728 1308 776 ta·

278 825 354 867 men
368 816 499 888 propter
511 800 575 865 hoc
589 802 630 866 ab
645 802 789 867 ecclesiae
804 801 970 866 catholicae
985 814 1181 888 pascatque
1194 799 1309 865 unitate

276 888 449 976 aliquando
463 886 639 953 discessum
655 902 715 952 est.
762 886 909 952 Celeritos
924 887 1037 987 qnippe
1051 909 1126 974 qao,
1143 896 1183 950 ut
1198 886 1309 951 credere

277 986 336 1053 est,
348 989 416 1059 poa
429 973 471 1038 od
484 972 634 1037 modicum
652 973 868 1052 intertordoto,
880 973 913 1037 in
924 985 1079 1060 integrum
1092 972 1246 1039 restituto
1257 981 1308 1048 est,

277 1059 409 1125 unitatis
430 1071 535 1145 raptae
556 1057 734 1124 obliuionem
756 1058 803 1124 ito
820 1059 951 1145 peperit,
971 1070 1005 1123 ot
1028 1058 1067 1123 ob
1085 1081 1122 1122 eo
1146 1055 1306 1144 aliquando

277 1146 441 1210 discessum
456 1167 518 1209 esse
535 1145 686 1231 Cypriani
705 1157 801 1209 aetote
818 1168 856 1209 ae
872 1144 1053 1209 recoleretur
1067 1142 1208 1231 quidem.
1251 1142 1307 1205 Hic

278 1243 379 1296 locere
401 1229 487 1295 nobis
506 1254 567 1295 noa
590 1231 661 1296 licet
683 1230 855 1316 Epipbonii
875 1241 969 1317 otqae
984 1228 1149 1294 sozomeni
1166 1225 1306 1293 assimili

277 1317 435 1381 nominum
451 1316 625 1415 corfiisionc
638 1315 803 1382 dissimilia
818 1327 933 1381 errato.
976 1315 1181 1401 Epiphanius
1197 1328 1305 1399 nempe,

277 1404 331 1468 oti
346 1403 403 1483 oit,
422 1402 553 1488 (Eprpb.
570 1403 647 1467 lroer.
661 1416 710 1478 70.
725 1426 756 1467 a.
767 1405 811 1482 9.)
830 1401 886 1467 Pol
910 1402 997 1488 carpi
1015 1424 1052 1465 ac
1066 1401 1215 1465 Victoris
1232 1413 1305 1463 tem·

276 1490 410 1576 poribus
435 1489 614 1553 Orientales
639 1491 680 1552 ab
707 1426 967 1554 Occidentadbus
995 1488 1039 1551 its
1062 1487 1209 1552 divulsos
1233 1505 1305 1563 esse,

276 1592 315 1641 ut
336 1575 483 1662 pacificas
503 1597 523 1639 a
541 1595 575 1637 se
593 1575 725 1639 invicem
745 1575 867 1638 litteras
885 1574 988 1639 nullas
1002 1572 1201 1658 acciperent,
1217 1569 1306 1657 Poly-

277 1663 373 1726 crotis
390 1661 450 1725 loco
465 1658 632 1747 Polycarpi
646 1683 755 1724 nomen
768 1659 960 1724 substituisse
974 1658 1177 1725 convincitur.
1219 1656 1306 1721 Sozo-

276 1770 400 1811 menum
414 1771 494 1824 vero,
507 1748 639 1830 (Soram.
652 1746 708 1811 lib.
718 1747 769 1810 vii.
781 1768 809 1810 c.
825 1747 884 1829 19.)
903 1767 975 1831 qoae
989 1744 1026 1809 de
1039 1743 1172 1808 Aniceto
1184 1742 1305 1806 dicendo

277 1845 378 1911 erant,
395 1833 433 1896 de
451 1832 573 1897 Victore
593 1832 707 1896 dimisse
723 1830 855 1918 planam
875 1842 932 1909 est,
947 1853 1015 1897 cura
1035 1829 1174 1914 scripsit,
1190 1827 1306 1892 Victori

276 1932 312 1982 et
334 1918 510 2004 Polycarpo
531 1918 695 1981 connnuni
712 1917 846 1982 consilio
866 1917 1035 2003 placuisse,
1050 1928 1088 1981 ut
1108 1914 1233 2000 singuli
1251 1914 1305 1977 fes·

275 2018 349 2068 tum
375 2018 471 2088 prout
495 2017 724 2067 consueverant
747 2003 954 2081 celebrantes,
979 2025 998 2065 a
1024 2015 1140 2065 mutua
1169 2001 1254 2064 inter
1279 2019 1305 2062 sc

278 2089 504 2153 communione
520 2110 720 2175 nequaquam
735 2088 945 2154 discederent.
967 2088 1198 2151 Consanus.
1233 2086 1305 2149 Haec

276 2175 343 2252 iile,
358 2197 397 2239 ue
422 2196 462 2237 ue
479 2175 521 2239 ab
541 2174 697 2239 sententia
716 2174 786 2240 e'us
804 2175 844 2239 de
862 2175 956 2239 rebus
971 2173 1072 2260 gestis
1086 2171 1236 2237 Victoris
1251 2169 1306 2234 dis·

276 2276 387 2346 crepat
436 2260 631 2325 illemontius
654 2261 686 2324 in
746 2284 804 2325 cra.
826 2259 914 2324 Eccl.
933 2261 1059 2325 Not.'v.
1081 2257 1116 2321 in
1137 2259 1173 2321 S.
1188 2256 1305 2338 Wctor.

278 2347 433 2429 Qorrl'cras
450 2368 545 2431 porro
582 2371 631 2409 uae
653 2347 815 2430 superbis
838 2344 1033 2430 argumentis
1049 2366 1144 2427 supra
1164 2356 1308 2405 annotata

277 2448 364 2495 sunt.
407 2433 547 2495 'sarnum
560 2371 622 2495 iric
646 2434 773 2511 addam,
795 2434 956 2495 Socratem
980 2431 1035 2493 lib.
1054 2454 1082 2490 v.
1110 2429 1203 2491 Hist.
1230 2425 1307 2489 Eccl.

276 2540 348 2603 cap.
358 2532 407 2580 22.
420 2517 499 2580 dum
513 2519 635 2603 optime
651 2519 683 2581 h.
694 2541 722 2583 e.
736 2518 829 2581 docte
844 2530 939 2603 atque
953 2514 1098 2592 candide,
1112 2514 1153 2577 de
1167 2514 1232 2577 boc
1244 2534 1307 2598 pas·

276 2603 361 2667 chali
386 2603 518 2688 aliisque
544 2604 656 2668 ritibus
685 2605 825 2688 exponit,
849 2601 1027 2679 ostendere,
1052 2612 1187 2663 neutras
1212 2611 1309 2684 partes

276 2689 317 2752 ad
339 2689 542 2752 traditionem
565 2691 812 2753 confirmandam
835 2689 989 2772 scripturn
1011 2685 1145 2770 aliquod
1170 2686 1308 2749 testimo-

277 2775 365 2838 nium
397 2775 507 2837 afferre
536 2777 688 2859 potuisse,
718 2775 805 2859 quod
836 2775 876 2836 de
911 2773 1095 2837 testimonio
1129 2770 1309 2854 conscripto

277 2860 476 2942 temporibus
501 2861 685 2943 apostolicis
713 2859 959 2945 intelligendum
985 2880 1052 2920 esse
1079 2856 1220 2933 videtur,
1246 2877 1309 2940 pas·

276 2945 370 3008 chale
385 2956 492 3007 autem
508 2946 625 3008 l'csturn
642 2946 775 3030 singulis
791 2947 870 3009 locis
886 2969 945 3008 usu
961 2943 1102 3030 quodam
1122 2957 1159 3006 et
1180 2961 1309 3004 consue·

277 3029 388 3094 tudine
415 3029 497 3092 varie
520 3032 714 3094 celebratum
744 3032 851 3095 fuisse.
895 3032 953 3107 Ut,
981 3030 1007 3092 si
1032 3028 1127 3090 liceat
1153 3027 1308 3113 judicium

276 3139 386 3180 meum
411 3114 464 3178 hic
488 3115 700 3201 interponere,
727 3116 877 3194 dicerem,
903 3138 968 3178 rern
998 3116 1043 3178 ita
1066 3111 1309 3198 quodammodo

276 3216 493 3287 comparatam
507 3200 614 3264 rideri.
660 3202 743 3265 Cunr
760 3226 798 3266 ex
813 3201 1003 3266 testimoniis
1027 3199 1201 3285 Polycarpi
1220 3212 1309 3283 atquc

278 3287 455 3373 Polycratis
470 3301 604 3366 constet,
619 3288 723 3372 ipsum
737 3289 892 3352 Joannern
905 3287 1046 3371 aliosque
1060 3299 1222 3369 praeterea
1237 3305 1307 3368 apo·

276 3375 378 3436 stolos
408 3373 534 3437 decimo
557 3388 670 3459 quarto
698 3373 749 3436 die
775 3373 860 3436 lunae
887 3371 1038 3458 pascham
1064 3369 1258 3447 celebrasse,
1280 3365 1307 3429 id

277 3481 409 3543 quoque
430 3460 552 3522 factum
573 3481 641 3522 esse
663 3460 729 3522 fere
750 3459 868 3545 ubique
891 3475 1046 3521 terrarum
1069 3455 1254 3518 existimem
1276 3472 1308 3528 cx

277 3544 456 3607 imitatione
475 3545 648 3608 eorundem
664 3545 895 3629 apostolorum,
911 3544 966 3628 qni
981 3542 1040 3626 ipsi
1057 3563 1121 3602 non
1139 3539 1306 3604 tantumin

277 3650 384 3692 annuo
397 3631 490 3708 festo,
501 3630 555 3693 sed
568 3643 601 3692 et
612 3631 643 3693 in
657 3643 801 3714 tempore
812 3629 971 3716 paschatis
981 3627 1112 3691 Judaeos
1125 3628 1232 3688 secuti
1245 3626 1306 3688 tue·

278 3727 359 3777 rant.
403 3716 548 3779 Eundem
564 3730 671 3779 autern
686 3738 821 3793 morem,
837 3714 966 3801 perinde
980 3735 1015 3775 ac
1032 3712 1161 3776 sabbati
1177 3711 1304 3784 cultum,

279 3800 422 3884 aliosque
440 3801 518 3864 ritus
532 3801 694 3878 Judaicos‚
711 3824 773 3863 non
794 3801 878 3885 apud
902 3802 1078 3862 Romanam
1103 3810 1246 3874 tanturn,
1262 3816 1304 3857 ve-

278 3909 348 3949 rum
368 3887 462 3948 etiam
477 3887 553 3948 alias
568 3888 715 3949 ecclesias
731 3887 921 3972 complures}
940 3883 1094 3970 paulatim
1109 3883 1144 3945 in
1162 3882 1303 3945 desuetu-

277 3970 384 4034 dinem
406 3972 573 4034 verisimile
595 3987 643 4035 est
664 3972 798 4048 abiisse3
830 3971 915 4056 apud
937 3968 1102 4032 nonnullas
1127 3968 1208 4044 cito,
1231 3962 1304 4064 apud

278 4056 355 4120 alias
370 4057 489 4134 serius3
514 4058 591 4119 durn
610 4079 680 4120 mos
698 4057 838 4120 diversus
854 4079 926 4120 cum
944 4055 1065 4116 honore
1080 4053 1145 4116 diei
1160 4052 1304 4116 Donnni·

277 4165 325 4205 cae
345 4158 440 4227 atque
461 4143 697 4206 resurrectionis
718 4143 852 4205 Domini
871 4141 1009 4224 odioque
1024 4138 1220 4201 Judaeorurn
1236 4157 1304 4199 cou-

274 4229 404 4312 junctos
420 4244 531 4314 postea
545 4229 591 4292 ita
604 4228 745 4306 invaluit,
758 4242 795 4294 ut
808 4229 898 4306 ritus,
911 4227 941 4292 in
955 4225 1118 4291 nonnullis
1131 4224 1251 4292 saltem
1261 4241 1304 4286 er·
