2716 4748
247 315 301 385 IN
322 314 940 428 0οΝ0111111111101111111Ν10.
1044 334 1129 401 4ch

70 487 271 558 narrationis
294 489 490 556 celebrarent.
533 492 606 555 Hos
628 501 736 553 autem
753 487 916 576 jejunasse
938 486 987 552 vel
1008 485 1108 553 levius

71 575 123 641 vel
138 575 279 640 strictius
294 576 408 641 diebus
422 577 504 641 inter
517 576 648 660 epulum
663 575 813 663 paschale
824 587 857 639 et
870 572 1108 641 resurrectionis

67 660 193 727 festum
208 662 393 749 interjectis,
408 663 494 727 haud
509 661 633 725 dubito.

116 747 153 810 Ρ.
166 763 236 826 391.
250 747 273 812 1.
286 762 315 813 8.
338 753 363 811 οἱ
384 750 411 812 δὲ
431 748 488 832 δύο]
515 749 721 813 Parasceuem
740 746 862 810 scilicet
882 758 916 809 et
936 748 1107 813 sabbatum

65 853 239 919 magnum.
283 834 346 899 His
370 835 456 898 enim
477 834 591 898 diebus
610 833 761 897 catholici
776 853 898 910 omnes,
914 833 973 897 nisi
988 835 1107 920 quibus

67 920 205 989 morbus
220 941 317 985 causa
331 934 423 999 esset,
433 920 636 1007 jejunabant.
679 918 893 983 Tertullianus
912 919 945 981 in
966 919 1050 986 libro
1065 920 1108 985 de

64 1003 204 1090 jejunio.
248 1006 337 1069 Certe
359 1006 391 1070 ν’νι
413 1005 568 1154 01100ρεί10
592 1003 664 1069 illos
687 1004 752 1068 dies
767 1003 900 1089 jejuniis
921 1005 1108 1073 determina-

69 1099 118 1154 tos
137 1101 264 1175 patant,
285 1090 448 1179 inquibus
469 1115 489 1155 0
510 1091 594 1156 lutus
615 1103 660 1154 est
682 1105 807 1175 spernus
817 1117 830 1169 3
851 1102 881 1154 et
898 1090 950 1154 laos
964 1096 1107 1178 essejam

67 1173 148 1247 solos
175 1176 330 1265 legitimos
351 1179 546 1262 jejuniorum
570 1176 825 1240 Christianorum.
849 1227 853 1238 .
878 1180 921 1242 Et
946 1178 1027 1242 infra
1052 1174 1107 1257 ca]-

67 1261 138 1346 pite
154 1277 200 1327 13.
222 1263 366 1350 ejusdem
381 1264 464 1327 libri.
508 1265 590 1328 Ecce
608 1262 689 1326 eninr
708 1263 846 1326 000001ιὶ0
867 1286 918 1326 vos
938 1274 969 1326 et
986 1274 1108 1348 praeter

62 1346 185 1432 pascha
197 1350 389 1434 jejzmmten
407 1350 486 1413 citra
507 1349 576 1417 illos
595 1349 660 1412 dies
677 1347 787 1448 quibus
807 1347 929 1412 ablatus
948 1361 994 1413 est
1013 1364 1106 1434 spon-

66 1453 132 1497 sns.
173 1435 324 1521 Denique
345 1436 378 1500 in
399 1458 437 1501 00
459 1436 503 1499 ite
520 1449 566 1499 14.
581 1457 636 1499 001
655 1434 722 1498 dies
740 1456 946 1521 parasceuem
960 1437 1057 1499 fuisse
1072 1449 1107 1501 et

66 1519 239 1585 sabbatum
259 1522 419 1606 significat
438 1457 490 1584 1111
512 1521 624 1585 verbis.
671 1521 734 1584 Cnr
754 1520 938 1584 stationibus
959 1531 1106 1608 quartam

67 1614 100 1669 et
115 1616 237 1671 sentum
252 1607 373 1672 sabbati
386 1609 524 1671 dicamus
544 1616 576 1671 et
588 1606 721 1693 jejuniis
735 1609 963 1692 parasceuen?
989 1607 1107 1693 anm·
1136 1632 1140 1639 ·

90 1712 164 1755 unm
177 1693 337 1757 vasatium
350 1692 510 1756 sublatum
526 1692 734 1756 continuatis:
758 1693 930 1778 siquando,
948 1692 987 1776 (si
1002 1715 1106 1778 quan·

64 1711 111 1841 do
124 1779 330 1858 continuatis,
343 1779 531 1843 Tertulliani
546 1778 620 1843 edd.
635 1778 794 1864 pleraeque
808 1781 932 1861 omnes)
946 1798 1107 1865 nunqnam

65 1861 130 1927 nisi
151 1863 184 1928 in
201 1863 320 1948 pusello
331 1865 540 1950 jq’nnundnm
560 1865 726 1929 secundnm
745 1862 1105 1929 1011000001ὐὶ1·οἅάὶ-

64 1957 143 2013 tam.
166 1951 375 2016 Vnnnsws.

109 2033 195 2098 Ibid.
211 2034 232 2100 l.
244 2054 276 2115 9.
298 2042 322 2100 ol
335 2037 363 2099 δὲ
376 2036 588 2123 τεσσαράκοντα
601 2036 673 2120 810]
690 2034 875 2122 Antequam
890 2035 976 2101 hunc
992 2035 1105 2103 locum

61 2118 274 2205 exponamus,
289 2122 479 2187 stabilienda
491 2136 541 2186 est
555 2122 625 2208 ejus
639 2121 745 2186 lectio.
790 2121 1106 2208 Christophorsonue

62 2205 199 2292 quidem
220 2220 254 2272 et
275 2208 409 2273 Savilius
432 2208 518 2272 hunc
539 2206 647 2272 locum
671 2209 716 2275 ita
736 2208 887 2292 legerunt
908 2229 945 2270 ac
968 2207 1104 2272 distinx-

61 2304 171 2357 erunt.
193 2298 218 2357 oi
236 2294 364 2380 μὲνγὰρ
386 2292 485 2370 olonna
503 2292 570 2376 μίαν
590 2292 691 2380 ἡμέραν
711 2295 761 2355 δεῖν
779 2293 876 2366 αὐτοὺς
891 2293 1013 2369 ans-elan·
1037 2300 1062 2356 oi
1075 2295 1104 2357 δὲ

62 2377 121 2441 δύο·
144 2384 169 2449 „oi
183 2379 210 2442 δὲ
226 2381 273 2442 καὶ
290 2380 433 2452 πλείονας·
458 2381 520 2442 οἶδὲ
536 2378 766 2465 τεσσαράκοντα·“
782 2376 852 2462 ὥρας
867 2404 897 2440 τε
915 2383 1039 2464 ἡμερινὰς
1053 2381 1102 2446 κα1

61 2468 219 2547 νυκτερινὰς
240 2472 439 2551 σνμμετροῦσι,
461 2469 509 2541 τὴν
530 2465 631 2549 ἡμέραν
652 2469 752 2527 αὐτῶν.
789 2463 852 2526 Cui
872 2463 1002 2527 lectioni
1017 2463 1103 2539 favet¹

60 2548 174 2613 Rufini
195 2551 427 2636 interpretatio,
471 2549 525 2614 Sic
550 2549 637 2614 enim
661 2550 754 2614 vertit
779 2549 932 2613 Rufinus:
965 2549 1103 2634 Quidam

57 2633 147 2698 enim
156 2645 275 2719 putant
288 2658 347 2701 nno
364 2646 487 2702 tanturn
501 2635 551 2700 die
564 2633 717 2700 observari
737 2633 843 2698 delere
858 2634 1027 2720 jejunium,
1042 2635 1103 2703 atii

57 2718 204 2790 dnobus:
234 2720 292 2795 ulii
313 2745 381 2788 neno
399 2721 565 2808 plurilns5
586 2719 728 2785 nonnulli
749 2719 844 2784 etium
866 2719 1103 2808 quadragintas

58 2803 110 2870 itu
124 2816 160 2870 nt
173 2805 267 2871 noras
280 2808 408 2873 diurnos
423 2819 648 2893 nocturnosque
663 2817 882 2891 computantes,
897 2806 979 2870 diem
997 2817 1101 2872 stata·
1189 2886 1192 2891 Ι

59 2901 130 2955 ant.
175 2892 318 2957 Eandem
334 2894 507 2958 lectionem
523 2907 651 2958 secutus
666 2906 716 2965 est
728 2894 869 2958 Joannes
884 2895 1029 2978 Langus,
1044 2893 1103 2980 qui

57 2976 288 3062 Nicephorum
303 2980 527 3066 interpretatus
540 2991 600 3043 est.
621 2981 744 3044 Verum
756 2978 832 3043 huic
844 2978 975 3042 lectioni
986 3000 1101 3043 omnes

59 3063 165 3128 nostri
184 3063 314 3130 codices
332 3066 544 3151 refragantur.
589 3063 688 3130 Certe
703 3065 735 3128 in
750 3064 863 3128 codice
877 3065 966 3128 Man.
981 3063 1034 3127 hic
1048 3065 1101 3128 lo-

57 3168 120 3215 cus
134 3171 201 3214 uno
215 3162 327 3215 tenore
343 3151 388 3215 ita
401 3151 550 3216 scribitur
569 3156 594 3213 01
615 3151 642 3214 δὲ
663 3149 876 3236 τεσσαράκοντα
889 3147 960 3234 ὥρας
973 3149 1103 3234 ἡμερινᾶς

57 3259 91 3298 τε
106 3235 155 3297 καὶ
169 3261 249 3299 naara
267 3241 324 3311 ινάς
343 3243 530 3323 συμμετροῦαι
551 3239 599 3313 τὴν
619 3235 721 3322 ἡμέραν
740 3239 840 3298 αὐτῶν.
881 3235 919 3297 111
936 3232 1099 3313 Medicaeo

58 3341 135 3383 vero
150 3335 184 3385 et
199 3323 224 3385 F
272 3322 378 3386 etiano
394 3337 468 3408 post
480 3323 591 3386 vocem
607 3319 677 3406 ὥρας
690 3320 861 3406 apponitur
871 3317 1004 3404 virgula.
1036 3321 1101 3387 Re.-

56 3405 134 3490 gius
159 3418 268 3471 autem
291 3407 394 3472 codex
416 3408 461 3472 ita
481 3406 677 3491 interpungit
699 3412 723 3470 οἱ
744 3406 783 3484 δὲ,
795 3403 1008 3490 τεσσαράκοντα
1027 3403 1049 3469 δι’
1065 3433 1100 3481 ας

56 3494 186 3576 ἡμερινὰς
200 3494 248 3555 καὶ
263 3498 427 3580 νυκτερινὰς,
440 3499 628 3576 συμμετροῦαι
644 3495 692 3569 τὴν
705 3490 807 3577 ἡμέραν
821 3493 921 3553 αὐτῶν.
956 3431 1063 3577 Quod
1071 3493 1100 3556 si

56 3588 138 3661 post
165 3599 279 3642 vocem
311 3577 524 3662 τεσσαράκοντα
553 3576 790 3640 distinctionem
818 3575 964 3654 affixeris,
992 3577 1100 3642 nullus

52 3663 127 3748 jam
149 3663 212 3728 erit
232 3684 354 3729 sensus.
398 3665 475 3750 Quo
490 3663 576 3727 enim
592 3663 768 3726 referentur
782 3661 877 3725 verba
891 3660 946 3726 illa
961 3683 1033 3748 quae
1049 3684 1100 3727 se·

59 3760 205 3833 quuntur
218 3747 289 3836 ὥςας
303 3753 439 3837 ἡμερινὰς,
456 3749 516 3812 &a
539 3759 649 3811 utrum
668 3747 709 3811 ad
728 3747 802 3811 illos
816 3746 872 3834 qui
885 3769 986 3810 unum
1000 3746 1099 3827 diem,

56 3854 101 3897 an
120 3832 161 3897 ad
182 3833 243 3898 hos
264 3837 321 3921 qui
340 3833 553 3922 quadraginta
573 3832 640 3896 dies
653 3833 829 3920 jejunant?
859 3832 915 3896 Ad
934 3832 994 3897 hos
1013 3846 1101 3898 certe

56 3917 228 3983 referenda
251 3922 360 4018 potius
387 3918 545 3995 videntur,
574 3931 689 4002 utpote
719 3918 834 3983 ultimo
863 3918 937 3982 loco
965 3919 1099 4003 positos.

56 4005 135 4069 Jam
149 4025 225 4068 vero
239 4027 266 4069 11
280 4007 322 4071 011
336 4008 396 4070 hos
410 4004 568 4081 retuleris,
580 4002 660 4067 illud
676 4003 853 4067 necessario
866 4015 1098 4088 consequetur3

57 4111 118 4169 eos
134 4089 190 4175 qui
205 4090 417 4178 quadraginta
430 4090 496 4153 dies
512 4088 714 4175 jejunabant,
730 4103 801 4153 toto
818 4088 872 4152 illo
888 4101 1033 4174 tempore
1049 4089 1099 4151 ni'·

59 4171 107 4235 hil
129 4195 260 4260 prorsus
278 4175 476 4243 comedisse:
499 4174 762 4260 quandoquidem
776 4173 872 4237 horas
886 4188 953 4237 tam
969 4186 1101 4247 noctur-

60 4280 120 4323 nas
134 4281 234 4346 quam
245 4262 383 4353 ‘diurnas
399 4259 527 4347 jejunio
546 4258 756 4409 deprcpabaut.
799 4258 927 4324 Deinde
940 4280 1016 4325 cum
1033 4260 1100 4336 Ira-

107 4363 197 4409 101..
217 4368 242 4410 1.
575 4365 599 4409 o
