<?xml version="1.0" encoding="UTF-8"?>
<!DOCTYPE html PUBLIC "-//W3C//DTD XHTML 1.0 Transitional//EN"
    "http://www.w3.org/TR/xhtml1/DTD/xhtml1-transitional.dtd">
<html xmlns="http://www.w3.org/1999/xhtml" xml:lang="en" lang="en">
 <head>
  <title>
</title>
<meta http-equiv="Content-Type" content="text/html;charset=utf-8" />
  <meta name='ocr-system' content='tesseract 3.04.00' />
  <meta name='ocr-capabilities' content='ocr_page ocr_carea ocr_par ocr_line ocrx_word'/>
</head>
<body>
  <div class='ocr_page' id='page_1' title='image "./reliquiaesacrae00routgoog_0017.png"; bbox 0 0 2716 4748; ppageno 0'>
   <div class='ocr_carea' id='block_1_1' title="bbox 218 210 899 361">
    <p class='ocr_par' dir='ltr' id='par_1_1' title="bbox 218 210 899 361">
     <span class='ocr_line' id='line_1_1' title="bbox 218 210 899 361; baseline 0 -17"><span class='ocrx_word' id='word_1_1' title='bbox 218 285 248 361; x_wconf 66' lang='lat' dir='ltr'>a</span> <span class='ocrx_word' id='word_1_2' title='bbox 302 210 307 219; x_wconf 68' lang='grc'><strong>’</strong></span> <span class='ocrx_word' id='word_1_3' title='bbox 589 262 899 346; x_wconf 74' lang='lat' dir='ltr'>nnnrarro.</span> 
     </span>
    </p>
   </div>
   <div class='ocr_carea' id='block_1_2' title="bbox 211 451 1265 1879">
    <p class='ocr_par' dir='ltr' id='par_1_2' title="bbox 211 451 1265 1879">
     <span class='ocr_line' id='line_1_2' title="bbox 216 451 1263 552; baseline 0.004 -25"><span class='ocrx_word' id='word_1_4' title='bbox 216 451 470 552; x_wconf 84' lang='lat' dir='ltr'>reliquiarum,</span> <span class='ocrx_word' id='word_1_5' title='bbox 487 466 576 550; x_wconf 87' lang='lat' dir='ltr'>quas</span> <span class='ocrx_word' id='word_1_6' title='bbox 602 452 687 544; x_wconf 66' lang='lat' dir='ltr'>edo,¹</span> <span class='ocrx_word' id='word_1_7' title='bbox 705 452 831 527; x_wconf 82' lang='lat' dir='ltr'>etiam·</span> <span class='ocrx_word' id='word_1_8' title='bbox 844 453 988 527; x_wconf 87' lang='lat' dir='ltr'>duobus</span> <span class='ocrx_word' id='word_1_9' title='bbox 1012 453 1263 532; x_wconf 62' lang='lat' dir='ltr'>voluminibus</span> 
     </span>
     <span class='ocr_line' id='line_1_3' title="bbox 218 574 1264 678; baseline 0.002 -28"><span class='ocrx_word' id='word_1_10' title='bbox 218 574 520 675; x_wconf 83' lang='lat' dir='ltr'>eomprehendit:</span> <span class='ocrx_word' id='word_1_11' title='bbox 545 576 584 648; x_wconf 91' lang='lat' dir='ltr'>id</span> <span class='ocrx_word' id='word_1_12' title='bbox 599 601 686 650; x_wconf 88' lang='lat' dir='ltr'>vero</span> <span class='ocrx_word' id='word_1_13' title='bbox 701 589 758 649; x_wconf 85' lang='lat' dir='ltr'>est</span> <span class='ocrx_word' id='word_1_14' title='bbox 773 576 912 649; x_wconf 88' lang='lat' dir='ltr'>idcirco</span> <span class='ocrx_word' id='word_1_15' title='bbox 927 577 1078 667; x_wconf 84' lang='lat' dir='ltr'>factum,</span> <span class='ocrx_word' id='word_1_16' title='bbox 1092 579 1179 674; x_wconf 89' lang='lat' dir='ltr'>quia</span> <span class='ocrx_word' id='word_1_17' title='bbox 1196 606 1264 678; x_wconf 89' lang='lat' dir='ltr'>pro</span> 
     </span>
     <span class='ocr_line' id='line_1_4' title="bbox 218 699 1265 800; baseline 0.001 -26"><span class='ocrx_word' id='word_1_18' title='bbox 218 701 358 774; x_wconf 85' lang='lat' dir='ltr'>ratione</span> <span class='ocrx_word' id='word_1_19' title='bbox 391 700 551 773; x_wconf 85' lang='lat' dir='ltr'>instituti</span> <span class='ocrx_word' id='word_1_20' title='bbox 584 726 711 773; x_wconf 87' lang='lat' dir='ltr'>omnes</span> <span class='ocrx_word' id='word_1_21' title='bbox 746 699 819 772; x_wconf 86' lang='lat' dir='ltr'>fere</span> <span class='ocrx_word' id='word_1_22' title='bbox 852 702 997 799; x_wconf 69' lang='lat' dir='ltr'>paginae</span> <span class='ocrx_word' id='word_1_23' title='bbox 1028 703 1265 800; x_wconf 86' lang='lat' dir='ltr'>complentur</span> 
     </span>
     <span class='ocr_line' id='line_1_5' title="bbox 216 822 1264 922; baseline 0.002 -26"><span class='ocrx_word' id='word_1_24' title='bbox 216 822 363 922; x_wconf 80' lang='lat' dir='ltr'>seriptis</span> <span class='ocrx_word' id='word_1_25' title='bbox 375 822 622 922; x_wconf 78' lang='lat' dir='ltr'>Apocryphis‚</span> <span class='ocrx_word' id='word_1_26' title='bbox 635 824 850 898; x_wconf 85' lang='lat' dir='ltr'>tractatibus</span> <span class='ocrx_word' id='word_1_27' title='bbox 869 825 958 897; x_wconf 89' lang='lat' dir='ltr'>item</span> <span class='ocrx_word' id='word_1_28' title='bbox 978 823 1264 916; x_wconf 83' lang='lat' dir='ltr'>Haeretieorum,</span> 
     </span>
     <span class='ocr_line' id='line_1_6' title="bbox 216 945 1262 1046; baseline 0 -26"><span class='ocrx_word' id='word_1_29' title='bbox 216 957 258 1020; x_wconf 83' lang='lat' dir='ltr'>et</span> <span class='ocrx_word' id='word_1_30' title='bbox 280 945 495 1043; x_wconf 78' lang='lat' dir='ltr'>fragmentis</span> <span class='ocrx_word' id='word_1_31' title='bbox 522 946 685 1039; x_wconf 81' lang='lat' dir='ltr'>Petrum,</span> <span class='ocrx_word' id='word_1_32' title='bbox 710 947 775 1043; x_wconf 91' lang='lat' dir='ltr'>qui</span> <span class='ocrx_word' id='word_1_33' title='bbox 801 948 947 1046; x_wconf 87' lang='lat' dir='ltr'>prodire</span> <span class='ocrx_word' id='word_1_34' title='bbox 976 949 1095 1021; x_wconf 84' lang='lat' dir='ltr'>soient</span> <span class='ocrx_word' id='word_1_35' title='bbox 1121 974 1262 1046; x_wconf 82' lang='lat' dir='ltr'>separe-</span> 
     </span>
     <span class='ocr_line' id='line_1_7' title="bbox 216 1067 1265 1169; baseline 0.003 -28"><span class='ocrx_word' id='word_1_36' title='bbox 216 1067 301 1159; x_wconf 87' lang='lat' dir='ltr'>tim,</span> <span class='ocrx_word' id='word_1_37' title='bbox 319 1068 633 1145; x_wconf 86' lang='lat' dir='ltr'>Orthodoxorum.</span> <span class='ocrx_word' id='word_1_38' title='bbox 685 1069 907 1144; x_wconf 83' lang='lat' dir='ltr'>Praeolarum</span> <span class='ocrx_word' id='word_1_39' title='bbox 926 1096 1012 1144; x_wconf 86' lang='lat' dir='ltr'>sane</span> <span class='ocrx_word' id='word_1_40' title='bbox 1029 1097 1134 1169; x_wconf 70' lang='lat' dir='ltr'>opus,</span> <span class='ocrx_word' id='word_1_41' title='bbox 1151 1086 1265 1167; x_wconf 87' lang='lat' dir='ltr'>atque</span> 
     </span>
     <span class='ocr_line' id='line_1_8' title="bbox 213 1190 1265 1293; baseline 0.005 -30"><span class='ocrx_word' id='word_1_42' title='bbox 213 1190 345 1265; x_wconf 85' lang='lat' dir='ltr'>usibus</span> <span class='ocrx_word' id='word_1_43' title='bbox 369 1191 444 1265; x_wconf 90' lang='lat' dir='ltr'>suis</span> <span class='ocrx_word' id='word_1_44' title='bbox 467 1192 782 1293; x_wconf 82' lang='lat' dir='ltr'>commendatum.</span> <span class='ocrx_word' id='word_1_45' title='bbox 834 1193 881 1277; x_wconf 90' lang='lat' dir='ltr'>In</span> <span class='ocrx_word' id='word_1_46' title='bbox 904 1194 974 1267; x_wconf 89' lang='lat' dir='ltr'>boc</span> <span class='ocrx_word' id='word_1_47' title='bbox 992 1210 1136 1283; x_wconf 82' lang='lat' dir='ltr'>autem,</span> <span class='ocrx_word' id='word_1_48' title='bbox 1161 1194 1265 1291; x_wconf 89' lang='lat' dir='ltr'>quod</span> 
     </span>
     <span class='ocr_line' id='line_1_9' title="bbox 213 1313 1264 1416; baseline 0.003 -28"><span class='ocrx_word' id='word_1_49' title='bbox 213 1313 297 1414; x_wconf 88' lang='lat' dir='ltr'>ipse</span> <span class='ocrx_word' id='word_1_50' title='bbox 313 1327 483 1407; x_wconf 82' lang='lat' dir='ltr'>contexo,</span> <span class='ocrx_word' id='word_1_51' title='bbox 496 1335 607 1415; x_wconf 88' lang='lat' dir='ltr'>opere</span> <span class='ocrx_word' id='word_1_52' title='bbox 623 1317 720 1390; x_wconf 80' lang='lat' dir='ltr'>intra</span> <span class='ocrx_word' id='word_1_53' title='bbox 735 1333 947 1416; x_wconf 82' lang='lat' dir='ltr'>germanam</span> <span class='ocrx_word' id='word_1_54' title='bbox 967 1329 1079 1414; x_wconf 90' lang='lat' dir='ltr'>atque</span> <span class='ocrx_word' id='word_1_55' title='bbox 1096 1317 1264 1391; x_wconf 55' lang='lat' dir='ltr'>Cothona</span> 
     </span>
     <span class='ocr_line' id='line_1_10' title="bbox 211 1439 1264 1538; baseline 0.005 -28"><span class='ocrx_word' id='word_1_56' title='bbox 211 1457 297 1510; x_wconf 78' lang='lat' dir='ltr'>eam</span> <span class='ocrx_word' id='word_1_57' title='bbox 315 1439 574 1535; x_wconf 79' lang='lat' dir='ltr'><strong>antiquitatem</strong></span> <span class='ocrx_word' id='word_1_58' title='bbox 597 1465 659 1514; x_wconf 88' lang='lat' dir='ltr'>me</span> <span class='ocrx_word' id='word_1_59' title='bbox 682 1440 879 1525; x_wconf 81' lang='lat' dir='ltr'>eontine03</span> <span class='ocrx_word' id='word_1_60' title='bbox 905 1451 944 1513; x_wconf 92' lang='lat' dir='ltr'>et</span> <span class='ocrx_word' id='word_1_61' title='bbox 960 1440 1167 1538; x_wconf 86' lang='lat' dir='ltr'>fragmenta</span> <span class='ocrx_word' id='word_1_62' title='bbox 1183 1467 1264 1515; x_wconf 88' lang='lat' dir='ltr'>om··</span> 
     </span>
     <span class='ocr_line' id='line_1_11' title="bbox 215 1559 1265 1660; baseline 0.001 -26"><span class='ocrx_word' id='word_1_63' title='bbox 215 1559 278 1634; x_wconf 90' lang='lat' dir='ltr'>nia</span> <span class='ocrx_word' id='word_1_64' title='bbox 304 1560 456 1634; x_wconf 78' lang='lat' dir='ltr'>Petrum</span> <span class='ocrx_word' id='word_1_65' title='bbox 482 1562 546 1658; x_wconf 93' lang='lat' dir='ltr'>qui</span> <span class='ocrx_word' id='word_1_66' title='bbox 571 1562 767 1660; x_wconf 82' lang='lat' dir='ltr'>separatim</span> <span class='ocrx_word' id='word_1_67' title='bbox 793 1562 966 1651; x_wconf 87' lang='lat' dir='ltr'>eduntur,</span> <span class='ocrx_word' id='word_1_68' title='bbox 983 1563 1151 1660; x_wconf 89' lang='lat' dir='ltr'>relinquo</span> <span class='ocrx_word' id='word_1_69' title='bbox 1176 1563 1265 1654; x_wconf 76' lang='lat' dir='ltr'>inis,</span> 
     </span>
     <span class='ocr_line' id='line_1_12' title="bbox 215 1659 1265 1785; baseline 0.005 -30"><span class='ocrx_word' id='word_1_70' title='bbox 215 1681 281 1781; x_wconf 90' lang='lat' dir='ltr'>qui</span> <span class='ocrx_word' id='word_1_71' title='bbox 299 1691 410 1757; x_wconf 80' lang='lat' dir='ltr'>noras</span> <span class='ocrx_word' id='word_1_72' title='bbox 427 1709 554 1758; x_wconf 89' lang='lat' dir='ltr'>eorum</span> <span class='ocrx_word' id='word_1_73' title='bbox 570 1683 751 1757; x_wconf 74' lang='lat' dir='ltr'><strong>editiones</strong></span> <span class='ocrx_word' id='word_1_74' title='bbox 772 1659 919 1782; x_wconf 82' lang='lat' dir='ltr'>postero</span> <span class='ocrx_word' id='word_1_75' title='bbox 935 1695 1101 1783; x_wconf 70' lang='lat' dir='ltr'>tempore</span> <span class='ocrx_word' id='word_1_76' title='bbox 1118 1703 1265 1785; x_wconf 57' lang='lat' dir='ltr'>aggrese</span> 
     </span>
     <span class='ocr_line' id='line_1_13' title="bbox 216 1804 396 1879; baseline 0 0"><span class='ocrx_word' id='word_1_77' title='bbox 216 1805 292 1879; x_wconf 84' lang='lat' dir='ltr'>suri</span> <span class='ocrx_word' id='word_1_78' title='bbox 310 1804 396 1879; x_wconf 50' lang='lat' dir='ltr'>sinti</span> 
     </span>
    </p>
   </div>
   <div class='ocr_carea' id='block_1_3' title="bbox 781 2002 795 2013">
    <p class='ocr_par' dir='ltr' id='par_1_3' title="bbox 781 2002 795 2013">
     <span class='ocr_line' id='line_1_14' title="bbox 781 2002 795 2013; baseline 0 -6"><span class='ocrx_word' id='word_1_79' title='bbox 781 2002 795 2013; x_wconf 79' lang='grc'>,,</span> 
     </span>
    </p>
   </div>
   <div class='ocr_carea' id='block_1_4' title="bbox 178 2166 1261 4243">
    <p class='ocr_par' dir='ltr' id='par_1_4' title="bbox 178 2166 1261 4243">
     <span class='ocr_line' id='line_1_15' title="bbox 263 2166 1260 2278; baseline -0.001 -25"><span class='ocrx_word' id='word_1_80' title='bbox 263 2166 360 2253; x_wconf 80' lang='lat' dir='ltr'>Haeo</span> <span class='ocrx_word' id='word_1_81' title='bbox 376 2203 444 2276; x_wconf 87' lang='lat' dir='ltr'>ego</span> <span class='ocrx_word' id='word_1_82' title='bbox 461 2175 507 2250; x_wconf 89' lang='lat' dir='ltr'>de</span> <span class='ocrx_word' id='word_1_83' title='bbox 528 2202 637 2277; x_wconf 90' lang='lat' dir='ltr'>opere</span> <span class='ocrx_word' id='word_1_84' title='bbox 660 2177 754 2252; x_wconf 90' lang='lat' dir='ltr'>mihi</span> <span class='ocrx_word' id='word_1_85' title='bbox 777 2178 965 2278; x_wconf 88' lang='lat' dir='ltr'>proposito</span> <span class='ocrx_word' id='word_1_86' title='bbox 981 2178 1071 2253; x_wconf 92' lang='lat' dir='ltr'>olim</span> <span class='ocrx_word' id='word_1_87' title='bbox 1088 2176 1260 2265; x_wconf 66' lang='lat' dir='ltr'>ostendis·</span> 
     </span>
     <span class='ocr_line' id='line_1_16' title="bbox 212 2300 1259 2400; baseline -0.004 -22"><span class='ocrx_word' id='word_1_88' title='bbox 212 2313 261 2378; x_wconf 84' lang='lat' dir='ltr'>ut</span> <span class='ocrx_word' id='word_1_89' title='bbox 273 2303 303 2376; x_wconf 91' lang='lat' dir='ltr'>si</span> <span class='ocrx_word' id='word_1_90' title='bbox 321 2302 403 2399; x_wconf 89' lang='lat' dir='ltr'>quis</span> <span class='ocrx_word' id='word_1_91' title='bbox 419 2300 559 2397; x_wconf 82' lang='lat' dir='ltr'>aliquid</span> <span class='ocrx_word' id='word_1_92' title='bbox 584 2301 625 2374; x_wconf 90' lang='lat' dir='ltr'>in</span> <span class='ocrx_word' id='word_1_93' title='bbox 648 2300 720 2375; x_wconf 87' lang='lat' dir='ltr'>hoo</span> <span class='ocrx_word' id='word_1_94' title='bbox 739 2325 873 2400; x_wconf 81' lang='lat' dir='ltr'>genere</span> <span class='ocrx_word' id='word_1_95' title='bbox 889 2302 1024 2374; x_wconf 86' lang='lat' dir='ltr'>alieubi</span> <span class='ocrx_word' id='word_1_96' title='bbox 1043 2302 1154 2374; x_wconf 84' lang='lat' dir='ltr'>latere</span> <span class='ocrx_word' id='word_1_97' title='bbox 1170 2327 1259 2400; x_wconf 60' lang='lat' dir='ltr'>cog*</span> 
     </span>
     <span class='ocr_line' id='line_1_17' title="bbox 211 2422 1259 2524; baseline -0.002 -25"><span class='ocrx_word' id='word_1_98' title='bbox 211 2425 384 2515; x_wconf 84' lang='lat' dir='ltr'>novisset,</span> <span class='ocrx_word' id='word_1_99' title='bbox 400 2423 439 2497; x_wconf 94' lang='lat' dir='ltr'>id</span> <span class='ocrx_word' id='word_1_100' title='bbox 459 2423 550 2496; x_wconf 87' lang='lat' dir='ltr'>mihi</span> <span class='ocrx_word' id='word_1_101' title='bbox 572 2422 761 2523; x_wconf 84' lang='lat' dir='ltr'>impertire</span> <span class='ocrx_word' id='word_1_102' title='bbox 781 2423 1006 2524; x_wconf 50' lang='lat' dir='ltr'>dignaretura</span> <span class='ocrx_word' id='word_1_103' title='bbox 1040 2424 1155 2498; x_wconf 77' lang='lat' dir='ltr'>Tum</span> <span class='ocrx_word' id='word_1_104' title='bbox 1172 2451 1259 2497; x_wconf 82' lang='lat' dir='ltr'>vero</span> 
     </span>
     <span class='ocr_line' id='line_1_18' title="bbox 210 2544 1259 2646; baseline -0.003 -23"><span class='ocrx_word' id='word_1_105' title='bbox 210 2547 303 2624; x_wconf 84' lang='lat' dir='ltr'>iilud</span> <span class='ocrx_word' id='word_1_106' title='bbox 322 2546 510 2637; x_wconf 87' lang='lat' dir='ltr'>admonui,</span> <span class='ocrx_word' id='word_1_107' title='bbox 524 2544 621 2646; x_wconf 89' lang='lat' dir='ltr'>apud</span> <span class='ocrx_word' id='word_1_108' title='bbox 638 2548 721 2646; x_wconf 87' lang='lat' dir='ltr'>plus</span> <span class='ocrx_word' id='word_1_109' title='bbox 739 2546 982 2645; x_wconf 82' lang='lat' dir='ltr'>qnadraginta</span> <span class='ocrx_word' id='word_1_110' title='bbox 999 2559 1164 2621; x_wconf 75' lang='lat' dir='ltr'>auctores</span> <span class='ocrx_word' id='word_1_111' title='bbox 1181 2547 1259 2620; x_wconf 53' lang='lat' dir='ltr'>edis</span> 
     </span>
     <span class='ocr_line' id='line_1_19' title="bbox 208 2669 1261 2766; baseline -0.002 -22"><span class='ocrx_word' id='word_1_112' title='bbox 208 2682 282 2761; x_wconf 77' lang='lat' dir='ltr'>tos,</span> <span class='ocrx_word' id='word_1_113' title='bbox 298 2697 347 2744; x_wconf 91' lang='lat' dir='ltr'>ne</span> <span class='ocrx_word' id='word_1_114' title='bbox 369 2671 481 2742; x_wconf 80' lang='lat' dir='ltr'>libros‘</span> <span class='ocrx_word' id='word_1_115' title='bbox 504 2669 635 2742; x_wconf 87' lang='lat' dir='ltr'>MStos</span> <span class='ocrx_word' id='word_1_116' title='bbox 658 2682 913 2758; x_wconf 68' lang='lat' dir='ltr'>memorarem,</span> <span class='ocrx_word' id='word_1_117' title='bbox 932 2670 1064 2742; x_wconf 85' lang='lat' dir='ltr'>servari</span> <span class='ocrx_word' id='word_1_118' title='bbox 1086 2670 1261 2766; x_wconf 75' lang='lat' dir='ltr'>reliquias</span> 
     </span>
     <span class='ocr_line' id='line_1_20' title="bbox 212 2788 1258 2891; baseline -0.005 -22"><span class='ocrx_word' id='word_1_119' title='bbox 212 2794 335 2878; x_wconf 67' lang='lat' dir='ltr'>istas3⁴</span> <span class='ocrx_word' id='word_1_120' title='bbox 349 2795 389 2866; x_wconf 91' lang='lat' dir='ltr'>in</span> <span class='ocrx_word' id='word_1_121' title='bbox 412 2788 610 2866; x_wconf 80' lang='lat' dir='ltr'>numernin</span> <span class='ocrx_word' id='word_1_122' title='bbox 635 2791 758 2865; x_wconf 80' lang='lat' dir='ltr'>relatis</span> <span class='ocrx_word' id='word_1_123' title='bbox 778 2790 975 2864; x_wconf 87' lang='lat' dir='ltr'>Canoniois</span> <span class='ocrx_word' id='word_1_124' title='bbox 999 2793 1163 2890; x_wconf 85' lang='lat' dir='ltr'>epistolis</span> <span class='ocrx_word' id='word_1_125' title='bbox 1188 2793 1258 2891; x_wconf 81' lang='lat' dir='ltr'>Sy·</span> 
     </span>
     <span class='ocr_line' id='line_1_21' title="bbox 210 2912 1258 3013; baseline -0.004 -21"><span class='ocrx_word' id='word_1_126' title='bbox 210 2915 469 3012; x_wconf 72' lang='lat' dir='ltr'>nodosumque</span> <span class='ocrx_word' id='word_1_127' title='bbox 490 2912 707 3003; x_wconf 74' lang='lat' dir='ltr'>canonibus,</span> <span class='ocrx_word' id='word_1_128' title='bbox 727 2938 886 3011; x_wconf 88' lang='lat' dir='ltr'>quorum</span> <span class='ocrx_word' id='word_1_129' title='bbox 911 2916 1091 2989; x_wconf 69' lang='lat' dir='ltr'>nonnulla</span> <span class='ocrx_word' id='word_1_130' title='bbox 1111 2941 1258 3013; x_wconf 88' lang='lat' dir='ltr'>quoque</span> 
     </span>
     <span class='ocr_line' id='line_1_22' title="bbox 208 3030 1259 3131; baseline 0 -19"><span class='ocrx_word' id='word_1_131' title='bbox 208 3030 453 3131; x_wconf 57' lang='lat' dir='ltr'>immoraris-ra</span> <span class='ocrx_word' id='word_1_132' title='bbox 468 3037 522 3110; x_wconf 84' lang='lat' dir='ltr'>in</span> <span class='ocrx_word' id='word_1_133' title='bbox 547 3037 659 3110; x_wconf 76' lang='lat' dir='ltr'>tomis</span> <span class='ocrx_word' id='word_1_134' title='bbox 687 3037 938 3111; x_wconf 82' lang='lat' dir='ltr'>Conciliorum</span> <span class='ocrx_word' id='word_1_135' title='bbox 967 3039 1089 3112; x_wconf 82' lang='lat' dir='ltr'>adhue</span> <span class='ocrx_word' id='word_1_136' title='bbox 1115 3038 1259 3113; x_wconf 73' lang='lat' dir='ltr'>deside-</span> 
     </span>
     <span class='ocr_line' id='line_1_23' title="bbox 210 3159 1258 3258; baseline -0.001 -23"><span class='ocrx_word' id='word_1_137' title='bbox 210 3174 349 3236; x_wconf 67' lang='lat' dir='ltr'>rantur·</span> <span class='ocrx_word' id='word_1_138' title='bbox 399 3161 500 3235; x_wconf 88' lang='lat' dir='ltr'>Ante</span> <span class='ocrx_word' id='word_1_139' title='bbox 524 3159 652 3233; x_wconf 87' lang='lat' dir='ltr'>Grabii</span> <span class='ocrx_word' id='word_1_140' title='bbox 676 3172 800 3233; x_wconf 87' lang='lat' dir='ltr'>autern</span> <span class='ocrx_word' id='word_1_141' title='bbox 826 3160 1061 3258; x_wconf 75' lang='lat' dir='ltr'>Spioilega&#39;nm</span> <span class='ocrx_word' id='word_1_142' title='bbox 1087 3161 1258 3253; x_wconf 77' lang='lat' dir='ltr'>Petrum,</span> 
     </span>
     <span class='ocr_line' id='line_1_24' title="bbox 209 3281 1258 3382; baseline -0.002 -24"><span class='ocrx_word' id='word_1_143' title='bbox 209 3283 250 3357; x_wconf 92' lang='lat' dir='ltr'>in</span> <span class='ocrx_word' id='word_1_144' title='bbox 269 3309 380 3381; x_wconf 88' lang='lat' dir='ltr'>quoe</span> <span class='ocrx_word' id='word_1_145' title='bbox 397 3281 635 3382; x_wconf 86' lang='lat' dir='ltr'>scriptoribus</span> <span class='ocrx_word' id='word_1_146' title='bbox 658 3281 752 3356; x_wconf 85' lang='lat' dir='ltr'>meis</span> <span class='ocrx_word' id='word_1_147' title='bbox 774 3305 839 3355; x_wconf 86' lang='lat' dir='ltr'>sex</span> <span class='ocrx_word' id='word_1_148' title='bbox 860 3294 1007 3356; x_wconf 85' lang='lat' dir='ltr'>tantum</span> <span class='ocrx_word' id='word_1_149' title='bbox 1027 3284 1157 3380; x_wconf 87' lang='lat' dir='ltr'>(hique</span> <span class='ocrx_word' id='word_1_150' title='bbox 1176 3284 1258 3356; x_wconf 88' lang='lat' dir='ltr'>aliis</span> 
     </span>
     <span class='ocr_line' id='line_1_25' title="bbox 209 3393 1257 3509; baseline 0.002 -29"><span class='ocrx_word' id='word_1_151' title='bbox 209 3393 431 3504; x_wconf 85' lang='lat' dir='ltr'>quibusdam</span> <span class='ocrx_word' id='word_1_152' title='bbox 449 3405 557 3504; x_wconf 88' lang='lat' dir='ltr'>longe</span> <span class='ocrx_word' id='word_1_153' title='bbox 574 3404 772 3509; x_wconf 78' lang='lat' dir='ltr'>breviores)</span> <span class='ocrx_word' id='word_1_154' title='bbox 786 3405 953 3478; x_wconf 85' lang='lat' dir='ltr'>adornati</span> <span class='ocrx_word' id='word_1_155' title='bbox 970 3419 1111 3495; x_wconf 82' lang='lat' dir='ltr'>extant,</span> <span class='ocrx_word' id='word_1_156' title='bbox 1126 3408 1257 3483; x_wconf 77' lang='lat' dir='ltr'>Petrus</span> 
     </span>
     <span class='ocr_line' id='line_1_26' title="bbox 210 3528 1258 3628; baseline 0 -25"><span class='ocrx_word' id='word_1_157' title='bbox 210 3528 421 3604; x_wconf 80' lang='lat' dir='ltr'>Helloixina</span> <span class='ocrx_word' id='word_1_158' title='bbox 450 3541 608 3625; x_wconf 84' lang='lat' dir='ltr'>quatuor</span> <span class='ocrx_word' id='word_1_159' title='bbox 637 3553 659 3600; x_wconf 87' lang='lat' dir='ltr'>e</span> <span class='ocrx_word' id='word_1_160' title='bbox 687 3552 752 3600; x_wconf 82' lang='lat' dir='ltr'>sex</span> <span class='ocrx_word' id='word_1_161' title='bbox 781 3528 867 3618; x_wconf 80' lang='lat' dir='ltr'>iliis,</span> <span class='ocrx_word' id='word_1_162' title='bbox 897 3542 934 3602; x_wconf 88' lang='lat' dir='ltr'>et</span> <span class='ocrx_word' id='word_1_163' title='bbox 963 3529 1055 3602; x_wconf 85' lang='lat' dir='ltr'>alios</span> <span class='ocrx_word' id='word_1_164' title='bbox 1082 3543 1258 3628; x_wconf 81' lang='lat' dir='ltr'>praeterea</span> 
     </span>
     <span class='ocr_line' id='line_1_27' title="bbox 207 3648 1259 3752; baseline -0.001 -24"><span class='ocrx_word' id='word_1_165' title='bbox 207 3652 313 3744; x_wconf 83' lang='lat' dir='ltr'>duos,</span> <span class='ocrx_word' id='word_1_166' title='bbox 325 3653 365 3726; x_wconf 92' lang='lat' dir='ltr'>in</span> <span class='ocrx_word' id='word_1_167' title='bbox 381 3677 490 3751; x_wconf 88' lang='lat' dir='ltr'>opere</span> <span class='ocrx_word' id='word_1_168' title='bbox 503 3677 569 3725; x_wconf 89' lang='lat' dir='ltr'>suo</span> <span class='ocrx_word' id='word_1_169' title='bbox 582 3648 629 3723; x_wconf 87' lang='lat' dir='ltr'>de</span> <span class='ocrx_word' id='word_1_170' title='bbox 643 3648 801 3724; x_wconf 68' lang='lat' dir='ltr'>Poteram</span> <span class='ocrx_word' id='word_1_171' title='bbox 819 3649 1059 3725; x_wconf 75' lang='lat' dir='ltr'>Orientalium</span> <span class='ocrx_word' id='word_1_172' title='bbox 1074 3652 1171 3726; x_wconf 74' lang='lat' dir='ltr'>Vitio</span> <span class='ocrx_word' id='word_1_173' title='bbox 1183 3654 1259 3752; x_wconf 91' lang='lat' dir='ltr'>pri-</span> 
     </span>
     <span class='ocr_line' id='line_1_28' title="bbox 208 3772 1258 3873; baseline -0.003 -23"><span class='ocrx_word' id='word_1_174' title='bbox 208 3775 295 3850; x_wconf 80' lang='lat' dir='ltr'>dem</span> <span class='ocrx_word' id='word_1_175' title='bbox 307 3775 512 3873; x_wconf 84' lang='lat' dir='ltr'>eollegerat.</span> <span class='ocrx_word' id='word_1_176' title='bbox 546 3773 646 3847; x_wconf 85' lang='lat' dir='ltr'>Octo</span> <span class='ocrx_word' id='word_1_177' title='bbox 659 3773 732 3864; x_wconf 84' lang='lat' dir='ltr'>isti,</span> <span class='ocrx_word' id='word_1_178' title='bbox 746 3772 881 3846; x_wconf 91' lang='lat' dir='ltr'>additis</span> <span class='ocrx_word' id='word_1_179' title='bbox 899 3787 1002 3847; x_wconf 81' lang='lat' dir='ltr'>nune·</span> <span class='ocrx_word' id='word_1_180' title='bbox 1016 3775 1095 3847; x_wconf 86' lang='lat' dir='ltr'>aliis</span> <span class='ocrx_word' id='word_1_181' title='bbox 1113 3775 1258 3872; x_wconf 85' lang='lat' dir='ltr'>viginti,</span> 
     </span>
     <span class='ocr_line' id='line_1_29' title="bbox 178 3896 1257 3990; baseline -0.002 -18"><span class='ocrx_word' id='word_1_182' title='bbox 178 3952 184 3959; x_wconf 86' lang='lat'>-</span> <span class='ocrx_word' id='word_1_183' title='bbox 207 3899 290 3972; x_wconf 88' lang='lat' dir='ltr'>haec</span> <span class='ocrx_word' id='word_1_184' title='bbox 308 3899 379 3971; x_wconf 91' lang='lat' dir='ltr'>duo</span> <span class='ocrx_word' id='word_1_185' title='bbox 396 3896 585 3970; x_wconf 75' lang='lat' dir='ltr'>voinmina</span> <span class='ocrx_word' id='word_1_186' title='bbox 605 3907 731 3970; x_wconf 86' lang='lat' dir='ltr'>nostra</span> <span class='ocrx_word' id='word_1_187' title='bbox 754 3897 903 3971; x_wconf 89' lang='lat' dir='ltr'>habent.</span> <span class='ocrx_word' id='word_1_188' title='bbox 955 3897 1088 3970; x_wconf 86' lang='lat' dir='ltr'>Caeteri</span> <span class='ocrx_word' id='word_1_189' title='bbox 1115 3923 1257 3990; x_wconf 87' lang='lat' dir='ltr'>omnes,</span> 
     </span>
     <span class='ocr_line' id='line_1_30' title="bbox 204 4012 1260 4120; baseline 0 -26"><span class='ocrx_word' id='word_1_190' title='bbox 204 4020 271 4119; x_wconf 82' lang='lat' dir='ltr'>qui</span> <span class='ocrx_word' id='word_1_191' title='bbox 288 4033 372 4094; x_wconf 90' lang='lat' dir='ltr'>ante</span> <span class='ocrx_word' id='word_1_192' title='bbox 387 4012 811 4118; x_wconf 71' lang='lat' dir='ltr'>ConciliumNicaenum</span> <span class='ocrx_word' id='word_1_193' title='bbox 831 4021 1065 4120; x_wconf 86' lang='lat' dir='ltr'>seripserunt,</span> <span class='ocrx_word' id='word_1_194' title='bbox 1079 4020 1176 4118; x_wconf 76' lang='lat' dir='ltr'>apud</span> <span class='ocrx_word' id='word_1_195' title='bbox 1196 4048 1260 4094; x_wconf 89' lang='lat' dir='ltr'>me</span> 
     </span>
     <span class='ocr_line' id='line_1_31' title="bbox 206 4141 1261 4243; baseline -0.002 -25"><span class='ocrx_word' id='word_1_196' title='bbox 206 4145 336 4243; x_wconf 83' lang='lat' dir='ltr'>parati,</span> <span class='ocrx_word' id='word_1_197' title='bbox 362 4169 436 4219; x_wconf 83' lang='lat' dir='ltr'>una</span> <span class='ocrx_word' id='word_1_198' title='bbox 461 4168 548 4218; x_wconf 85' lang='lat' dir='ltr'>oum</span> <span class='ocrx_word' id='word_1_199' title='bbox 574 4141 777 4243; x_wconf 81' lang='lat' dir='ltr'>appendice</span> <span class='ocrx_word' id='word_1_200' title='bbox 802 4143 1035 4240; x_wconf 83' lang='lat' dir='ltr'>quorundam</span> <span class='ocrx_word' id='word_1_201' title='bbox 1059 4144 1261 4243; x_wconf 66' lang='lat' dir='ltr'>opusculo«</span> 
     </span>
    </p>
   </div>
   <div class='ocr_carea' id='block_1_5' title="bbox 0 0 1362 4748">
    <p class='ocr_par' dir='ltr' id='par_1_5' title="bbox 0 0 1362 4748">
     <span class='ocr_line' id='line_1_32' title="bbox 0 0 1362 4748; baseline 0 2"><span class='ocrx_word' id='word_1_202' title='bbox 0 0 1362 4748; x_wconf 95' lang='lat' dir='ltr'> </span> 
     </span>
    </p>
   </div>
  </div>
 </body>
</html>
