2716 4748
159 322 220 371 102
493 301 857 369 ANNOTAmoNre

158 479 181 514 “
195 483 267 537 tura
280 468 468 557 hujusmodi
483 469 571 535 haud
584 471 751 618 probatur.
794 468 855 558 Epi
935 488 992 549 uin
1012 470 1125 559 potius
1143 480 1199 537 aut

157 563 181 599 “
196 555 310 620 saltem
332 554 556 641 presbyterum
575 554 669 619 ilum
691 555 789 620 fuisse
810 576 887 620 cum
948 576 1048 620 aranu
1066 568 1199 641 putare«

157 649 181 682 “
195 640 268 718 rim,
279 633 313 704 V
310 640 347 703 it.
362 639 459 725 Cypr.
470 661 546 725 pag.
556 656 648 703 cxxx.
672 639 808 704 Celsum
819 639 978 726 siquidem
990 639 1200 725 interpretem

156 730 181 766 “
195 723 296 788 modo
312 723 406 788 nobis
420 737 620 788 enarrantem
631 723 920 811 audivimus,quod
932 725 1085 809 Papissus
1095 724 1140 789 ad
1152 723 1200 787 irs-1

157 815 182 877 “.
196 807 355 873 tellectum
378 808 522 872 veritatis
544 799 707 886 admissis,
720 817 757 872 at
778 808 806 873 si
871 806 975 872 mlum
996 819 1134 872 sumeret
1148 808 1200 873 de-

157 899 181 934 “
192 904 349 978 precatus,
362 894 508 958 Jesonem
518 891 735 978 postulaverit.
814 914 897 979 eque
911 891 1041 957 dubitat
1052 892 1142 956 idem
1156 893 1201 957 tir

157 983 181 1019 “
195 977 323 1057 doctus,
348 978 426 1064 quin
451 978 570 1041 seculo
592 976 625 1040 ii.
645 976 700 1040 ille
721 976 843 1041 vixerit.
887 979 931 1042 Et
946 977 1022 1064 jure
1044 976 1198 1063 quidem:

157 1067 180 1102 “
195 1062 265 1126 haec
288 1063 375 1126 enim
398 1061 586 1146 Disputatio
608 1060 707 1125 Celso
728 1061 889 1146 Epicureo
910 1074 1080 1148 perspecta
1102 1061 1199 1126 fuisse

157 1153 181 1187 “
195 1146 414 1233 comperitur:
446 1145 592 1231 adeoque
619 1146 705 1210 circa
732 1145 878 1231 ejusdem
900 1146 1017 1215 saeerrli
1042 1145 1202 1227 medium,

157 1235 181 1269 “
195 1230 261 1295 sive
274 1253 334 1316 pro
349 1230 466 1294 nostris
481 1229 659 1294 rationibus
674 1230 760 1294 circa
772 1228 895 1293 Christi
908 1252 1028 1295 annum
1045 1236 1114 1295 136.
1128 1252 1202 1295 eam

158 1321 179 1353 “
194 1315 294 1379 fuisse
307 1315 422 1380 litteris
438 1314 661 1400 consignatam
677 1314 930 1378 existimamus.’'
954 1316 989 1379 P.
1000 1314 1083 1378 lxxv.
1128 1316 1200 1382 Ne·¹

157 1421 222 1487 que
246 1400 337 1464 fictas
363 1399 421 1463 has
447 1421 600 1485 personas
622 1398 720 1462 fuime
742 1411 851 1463 censet
874 1398 996 1463 Keilius
1018 1399 1065 1463 vir
1089 1398 1132 1465 el.
1157 1398 1201 1465 ad

157 1498 239 1548 tom.
251 1484 304 1549 vii.
318 1483 397 1549 edit.
414 1507 505 1548 novae
522 1482 719 1547 Fabricianoe
735 1480 818 1546 Bill.
837 1482 895 1546 Gr.
907 1504 944 1580 p.
961 1489 1027 1546 156.

201 1571 236 1633 P.
250 1583 301 1647 92.
316 1569 339 1632 l.
351 1575 401 1633 26.
427 1577 448 1629 ἐι
461 1571 480 1651 ᾧ
494 1569 569 1652 &c.]
586 1569 640 1632 De
657 1566 755 1631 Celso
769 1566 853 1631 hanc
867 1564 1125 1653 Disputationem
1133 1568 1204 1631 Pe

153 1653 235 1738 pisci
251 1665 283 1718 et
297 1652 422 1718 Jusonis
441 1665 728 1728 commemorante,
743 1652 790 1716 ita
804 1651 902 1739 paulo
917 1672 1013 1737 supra
1027 1651 1201 1737 Origenes,

155 1741 240 1815 Ἑξῆς
261 1741 288 1801 δὲ
307 1738 413 1811 τούτοις
432 1737 623 1818 ἐπιλεξάμενος
644 1737 786 1817 (Celsus)
803 1738 858 1800 est
875 1736 994 1800 πάντων
1007 1734 1206 1821 σογίραμμοί-.

155 1846 222 1900 των,
237 1830 291 1885 τῶν
305 1821 495 1907 περιεχόντων
513 1821 686 1905 ἀλληγορίας
706 1821 754 1884 καί
775 1821 912 1906 διηγήσεις
924 1824 998 1902 μετὰ
1010 1824 1059 1883 οὐκ
1074 1822 1202 1883 εὐκατα-

156 1906 285 1992 φρονήτου
303 1907 402 1984 λέξεως
416 1907 438 1992 'l
456 1904 592 1991 φρασέως,
606 1909 638 1970 τὸ
652 1904 857 1992 sirenis-epora}
873 1904 1015 1987 δυνάμεων
1028 1903 1080 1985 μίν
1092 1930 1121 1968 τι
1132 1907 1204 2014 epig

155 1993 218 2063 τοὺς
231 1993 350 2065 πολλοὺς
363 1992 385 2076 ιζ,
399 1989 560 2078 tatonem
572 1989 679 2064 ττίςεως
690 1988 738 2076 χοί
755 2016 778 2053 ιν
792 1988 992 2072 supinalem
1005 1993 1035 2052 ul
1048 1992 1103 2079 peip
1116 1989 1207 2055 elom

157 2077 205 2138 καί
219 2076 415 2162 συνετωτέρους
430 2080 548 2153 utrium,
563 2074 654 2158 φησίν·
676 2082 698 2114 “
711 2016 770 2138 olis
783 2076 813 2154 δὴ
828 2076 876 2138 καί
891 2075 1046 2138 Πατίσκου
1062 2075 1136 2149 τινὸς
1149 2075 1206 2138 rel

156 2167 180 2199 “
192 2161 314 2234 Ἰάσονος
333 2159 496 2245 ἀντιλογίαν
517 2158 614 2246 ἔγνων,
630 2164 659 2223 ol
674 2158 809 2243 γέλωτος,
824 2162 904 2223 ἁλλὰ
917 2165 1029 2242 μᾶλλον
1042 2158 1134 2232 ἐλέους
1149 2160 1205 2233 ”⁸²3

156 2252 179 2283 a
194 2244 291 2326 μίσους
313 2244 405 2323 ἀξίαν.
434 2244 524 2354 ἔμοιγ’
539 2243 583 2310 οὖν
605 2248 635 2308 οὐ
654 2246 733 2308 ταῦτ’
750 2243 881 2329 ἐλίγχοιν
893 2244 1059 2392 Zirinae?
1083 2243 1125 2317 ἶς’
1139 2248 1205 2351 7⁰3?

156 2337 178 2368 “
193 2329 287 2392 οταντί
298 2355 350 2393 του
364 2331 445 2408 δῆλον,
462 2355 509 2408 κω
519 2331 633 2412 μάλιςοι
647 2328 674 2392 εί
683 2354 725 2403 τις
740 2332 880 2411 ὑπομεῖναν
956 2328 1093 2435 ἀνάχοιτο
1108 2333 1201 2392 αιίτοον

157 2421 178 2453 “
194 2417 333 2489 inanium
346 2421 399 2477 τῶν
416 2414 652 2499 σογῷαμμᾶτων.
676 2416 744 2476 ἀλλ’
763 2416 846 2477 ἐκεῖνο
862 2419 973 2495 μᾶλλον
987 2417 1075 2476 mem
1093 2415 1202 2492 διδάξαι

155 2505 178 2538 “
196 2500 278 2563 &c.''
302 2499 364 2565 Sul
388 2498 455 2563 laec
472 2499 609 2564 Celsuse
626 2497 750 2583 scriptis
771 2498 910 2563 omnilus
931 2521 1004 2585 quoe
1023 2496 1204 2581 hujusmodi

155 2584 376 2668 explicationes
391 2583 576 2671 allegoricus
591 2583 758 2663 continent,
768 2594 797 2646 et
810 2583 856 2647 ele
879 2595 969 2647 anter
981 2584 1099 2667 scripta
1113 2594 1204 2661 sunt,-

155 2667 250 2756 etegit
275 2669 369 2732 vilius
395 2669 559 2753 quoddam,
586 2669 669 2754 quod
691 2678 728 2731 ut
751 2607 897 2732 nonnilil
918 2667 1014 2752 possit
1040 2667 1085 2730 ed
1108 2667 1201 2753 vulgi

155 2752 352 2838 simplicioris
365 2751 467 2837 fldem
484 2753 724 2836 promovendam
739 2753 887 2834 conferre,
901 2751 983 2816 rtilsil
1004 2762 1110 2815 temen
1129 2774 1206 2815 noo-¹

155 2839 254 2900 menti
280 2838 323 2901 ed
348 2837 574 2921 persuadendos
602 2825 859 2924 intelligentiores
885 2837 986 2901 lubet.
1031 2838 1111 2900 Tem
1137 2837 1213 2916 eit,

156 2922 309 2986 “Qualis
331 2934 380 2986 est
400 2921 455 2985 illa
477 2944 573 3008 quam
597 2923 664 3008 legi
687 2922 811 3007 Papisci
833 2922 1000 3009 cujusdam
1020 2935 1054 2986 et
1067 2922 1206 2987 Jasonie

155 3010 177 3043 “
192 3007 369 3085 contentio,
384 3029 447 3071 non
463 3008 528 3070 risu
544 3006 601 3070 sed
614 3007 818 3071 miseratione
833 3008 940 3092 potius
956 3006 1055 3092 digna
1064 3019 1096 3069 et
1108 3006 1205 3072 odio.-

154 3095 177 3131 “
193 3093 276 3156 Haec
290 3092 391 3176 igitur
405 3091 571 3155 confutare
585 3092 665 3154 mihi
682 3114 746 3155 non
760 3108 810 3157 est
822 3092 1035 3177 propositum.
1065 3091 1202 3177 Quippe

154 3180 178 3214 “
191 3197 329 3261 quorum
354 3176 535 3241 absurditas
561 3177 711 3240 omnibus
735 3177 904 3263 perspicua
930 3188 990 3253 est,
1016 3176 1197 3260 praesertim

154 3261 221 3324 “si
244 3262 315 3345 quis
342 3283 361 3324 a
384 3282 417 3324 se
440 3260 613 3346 impetrare
638 3261 751 3346 possit,
776 3275 815 3326 ut
841 3260 940 3325 libros
965 3261 1052 3346 ipsos
1074 3259 1198 3325 audiat.

154 3352 177 3384 “
193 3345 300 3409 Satius
311 3345 408 3408 fuerit
420 3344 538 3409 docere
550 3345 585 3408 id
598 3345 686 3432 quod
701 3359 816 3410 natura
826 3345 922 3410 docet
935 3346 1003 3430 ipsa
1016 3345 1099 3408 &c.”
1121 3345 1206 3409 Ori--

153 3429 246 3514 genis
268 3443 376 3493 autem
397 3429 549 3495 diluentis
570 3429 653 3493 hanc
676 3429 763 3494 Celsi
782 3429 1059 3515 reprehensionem
1079 3441 1113 3492 et
1134 3450 1199 3513 pro

152 3514 237 3578 libro
252 3513 473 3600 respondentis
488 3537 561 3601 quae
577 3514 750 3594 adduntur,
765 3516 835 3579 haec
855 3527 950 3579 sunt:
973 3515 1065 3587 ostes,
1080 3516 1101 3576 δ’
1122 3512 1199 3590 isloi

152 3597 302 3680 ἐὸοολίμην
325 3600 415 3662 πάνθ’
445 3605 557 3664 ὁντινοῦν
582 3598 732 3664 ἀκίοαντα
755 3603 967 3684 ὃεινολογοῦντος
991 3597 1117 3677 Κέλσου,
1145 3601 1197 3663 καί

153 3684 306 3766 φάσκοντος
324 3687 356 3747 τὸ
374 3681 613 3770 ἐπιγεγραμμένον
632 3683 815 3771 σογίροίμμα,
832 3684 955 3758 Ἰάσονος
973 3683 1021 3746 καί
1040 3682 1197 3748 Πατίσκου

152 3767 316 3852 ἀντιλογίαν
328 3771 396 3854 orepl
411 3775 517 3856 Xpr5ti,
531 3773 560 3831 οὐ
571 3768 696 3853 γέλωτος
710 3773 793 3832 ἀλλὰ
805 3768 891 3850 μίσος
905 3767 988 3846 ἀξίαν
1003 3766 1081 3848 τίνω,
1097 3766 1198 3833 λαθεῖν

153 3859 189 3928 είς
201 3858 302 3939 χεῖρας
316 3853 602 3942 τόισυγίςαμματίον,
617 3855 664 3916 καί
687 3858 826 3938 ὑπομεῖναν
842 3856 890 3917 καὶ
905 3853 1054 3938 &sepsere
1074 3857 1204 3931 desim·

151 3946 206 4000 τῶν
222 3941 249 4000 ὲν
263 3942 350 4024 αὐτῷ,
364 3941 395 4003 i'r'
413 3940 528 4002 αὐτόθεν
543 3943 677 4024 καταγνῷ
689 3945 738 4003 τοῦ
751 3939 878 4018 Κέλσου,
892 3938 974 4022 μηδὲν
993 3937 1123 4025 εὑρίσκων
1140 3938 1205 4020 μί·’

152 4048 217 4098 τους
228 4022 304 4100 ἄξιον
316 4027 343 4087 ἐν
356 4028 396 4109 τῷ
409 4021 523 4108 βιὸλίῳ,
538 4027 585 4087 ἐὰν
603 4025 780 4098 δ’ἇδοκοίςως
794 4051 836 4098 τις
851 4023 1020 4119 ἐντυγχάνῃ,
1034 4022 1137 4108 εὑρήσει
1152 4022 1204 4087 ὅτι·

152 4110 204 4170 οὐδ’
219 4110 262 4172 inl
273 4107 392 4193 ’γίλωτα
407 4112 475 4172 κινεῖ
486 4111 517 4170 τὸ
531 4105 650 4187 βίὸλιον·
673 4112 701 4171 ἐν
713 4107 736 4194 ᾧ
750 4108 957 4195 ἀναγίγραπίαι
970 4108 1117 4193 Χριςιανός
1131 4108 1195 4172 doc.

155 4193 214 4259 loc.
241 4197 356 4282 (atque,
372 4194 419 4260 ita
438 4192 598 4280 deinceps,
618 4207 656 4260 ut
676 4215 774 4282 supra
793 4195 936 4283 positum
959 4194 1039 4275 est.)
1076 4190 1195 4259 Vellem
