2716 4748
166 281 207 351 as
492 239 850 349 summariorum

164 450 296 516 inseruit
316 449 431 537 passim
453 453 544 550 operi
563 474 622 517 suo
645 455 793 530 Irenaens,
807 472 846 516 ea
865 449 994 538 quidem
1008 451 1140 540 collegi,
1153 465 1190 523 et

165 559 306 602 seorsum
326 550 399 620 post
418 538 554 622 Papiana
567 539 746 624 fragmenta
757 537 927 615 collocavi,
946 539 1122 603 eorundem
1137 554 1189 605 ta·

164 643 238 685 men
252 644 324 707 pars
337 621 401 698 illa,
417 645 488 721 quae
511 623 544 687 in
565 624 646 688 libro
669 624 781 687 Irenaei
802 636 916 709 quarto
931 637 1029 701 extat,
1042 624 1188 711 episcopi

164 706 396 792 Hierapolitani
407 707 592 772 videbantur
601 707 836 773 esseTenisono
848 707 1087 795 archiepiscopo
1097 708 1186 775 Can·

161 793 311 868 tmrensi,
326 803 362 856 ut
374 791 558 857 discendum
573 806 622 857 est
640 814 679 857 ex
691 792 788 858 Notis
803 792 993 879 quibusdam
1008 793 1050 857 ad
1062 793 1186 859 calcem

161 877 273 1027 positis
302 876 380 941 tomi
400 877 434 940 ii.
457 877 509 942 ed.
534 892 704 964 postremae
730 878 816 942 Hist.
843 878 909 941 Lit.
934 879 1091 956 Gavium,
1106 900 1139 964 p.
1157 892 1187 943 tr

187 975 296 1026 ortean
323 983 396 1025 vero
425 961 507 1027 banc
536 963 700 1048 amplexus
726 975 776 1027 est
798 963 976 1027 Tenisonus
1000 963 1186 1049 opinionem

184 1059 288 1133 ropter
304 1047 552 1114 convenientiam
564 1049 732 1113 verborum
752 1048 928 1134 presbyteri
942 1049 1094 1112 Irenaeani
1108 1068 1187 1115 cun

159 1067 265 1216 Eapiae
279 1131 458 1217 fragmento
467 1133 559 1218 apud
577 1133 763 1211 Eusebium,
777 1155 874 1218 quam
890 1133 1020 1217 quidem
1034 1132 1187 1198 conveni-

159 1216 277 1281 entiam
302 1239 397 1301 supra
418 1218 522 1282 notavi
543 1218 584 1282 ad
605 1239 680 1316 pag.
696 1233 744 1281 22.
788 1219 882 1281 Favet
897 1232 1004 1281 autem
1022 1231 1059 1282 et
1078 1218 1186 1283 eidem

161 1301 324 1366 sententiaa
345 1301 563 1366 Tenisonianae
587 1303 701 1367 Canus
723 1303 811 1387 ipse3
834 1302 949 1388 quibus
963 1314 1070 1366 autem
1085 1302 1185 1367 ratio-

159 1386 252 1451 nibus
273 1386 429 1450 adductns
449 1387 514 1464 ille,
528 1401 565 1451 ut
582 1409 621 1451 ea
639 1402 672 1452 et
694 1386 756 1451 alia
773 1408 900 1473 quoque
916 1386 1002 1472 apud
1025 1389 1185 1455 Irenaeum

158 1471 233 1537 huic
257 1472 438 1550 ascriberet,
452 1474 598 1537 consulas
617 1495 692 1537 eum
714 1472 747 1535 in
760 1473 862 1535 Artic.
883 1471 1009 1556 Papias.
1051 1473 1185 1537 Nihilo⁴

158 1557 265 1624 minus
285 1579 323 1620 ex
345 1557 481 1642 Papiano
501 1559 630 1643 quidem
649 1578 746 1643 opere
758 1579 796 1620 ea
810 1579 873 1621 non
891 1557 1061 1641 desumpta
1074 1557 1185 1635 fuisse,

157 1657 325 1728 propterea
347 1642 434 1728 quod
456 1644 623 1721 Eusebius,
641 1644 692 1706 cui
713 1643 836 1727 optime
858 1655 968 1705 notum
994 1642 1079 1705 idem
1101 1642 1185 1709 illud

156 1749 248 1812 opus,
264 1749 379 1792 nomen
397 1729 571 1813 presbyteri
591 1729 631 1791 ab
653 1729 774 1790 Irenaeo
788 1726 917 1791 adducti
931 1727 1110 1824 ignorabat,
1125 1726 1185 1790 ad·

157 1811 259 1876 ducor
273 1826 308 1876 ut
322 1811 448 1875 credam
463 1837 471 1875 ε
493 1812 713 1894 ὑπομνημάτων,
727 1812 829 1895 inquit
844 1813 1012 1890 Ensebrus,
1025 1815 1184 1884 ἇποςολαιῦ

156 1921 226 1971 τινος
247 1895 434 1983 ωμεσὸυτὲραυ
458 1896 487 1960 οὗ
508 1898 616 1977 τένομα
635 1902 723 1982 σιωπῇ
743 1895 900 1978 παρέδωκε,
921 1897 1074 1978 μνημονεύει
1100 1898 1183 1979 (Ire-

156 1983 273 2063 naeus),
299 1983 439 2064 ἐξηγήσεις
459 2009 490 2045 τε
513 1987 584 2045 atet
605 1982 685 2046 θείων
707 1988 821 2064 γραφῶν
843 1982 1045 2066 παρατίθεται.
1072 1982 1131 2046 lib.
1152 2005 1183 2047 v·

44 2135 47 2139 ,
155 2066 283 2132 Hisne.
296 2081 324 2131 8.
348 2069 390 2131 Et
405 2068 470 2130 fieri
484 2081 600 2152 potest,
615 2081 652 2131 ut
663 2089 683 2130 a
693 2067 760 2130 viva
773 2079 897 2130 tanturn
914 2088 989 2130 voce
1003 2068 1113 2131 omnia
1125 2089 1182 2131 ace

156 2165 249 2237 cepta
270 2153 397 2230 fuerint,
412 2175 483 2238 quae
504 2153 637 2238 protulit
657 2152 739 2216 libro
760 2167 875 2236 quarto
897 2154 1045 2216 loenaeus.
1076 2152 1184 2216 ¹Aliter·

154 2236 197 2300 de
216 2237 255 2301 iis
275 2237 478 2301 statuendum
499 2237 632 2316 videtur,
651 2260 722 2323 quae
744 2237 848 2322 capite
869 2238 918 2302 sui
938 2237 1044 2322 operis
1064 2236 1183 2303 ultimo
1214 2237 1220 2250 '

156 2323 296 2388 Irenaeus
309 2323 426 2408 posuit,
439 2345 575 2409 qnaeqne
587 2324 731 2409 proxime
746 2336 819 2407 post
833 2344 896 2406 ego
910 2321 1090 2386 exhibenda
1103 2342 1182 2397 cen·

154 2408 214 2486 sui,
229 2409 289 2474 etsi
311 2409 379 2472 baec
401 2422 474 2472 sunt
495 2431 515 2472 a
537 2409 657 2472 Grabio
679 2421 774 2506 atque
791 2407 961 2471 Gallandio
978 2408 1014 2470 in
1029 2406 1182 2490 Pupienis

86 2535 88 2539 -
152 2494 375 2580 praetermissa.
402 2496 456 2558 Ab
471 2496 540 2579 ipso
553 2494 638 2558 enim
655 2495 759 2577 Papia,
772 2515 834 2556 non
849 2493 889 2556 ab
905 2494 1026 2556 lrenaeo
1042 2504 1181 2570 tantum,

153 2579 302 2643 seniores.
318 2601 375 2643 seu
403 2580 605 2665 presbyteros
640 2578 764 2662 aliquos
791 2590 941 2662 tanquam
970 2577 1180 2642 traditionum

151 2663 285 2728 istarum
299 2677 444 2728 auctores
458 2664 570 2727 allatos
585 2685 665 2741 esse,
680 2662 849 2726 manifesto
870 2663 970 2747 liquet
985 2682 1024 2726 ex
1038 2662 1103 2726 aiio
1120 2664 1181 2726 Pas

153 2749 216 2832 piae
229 2747 302 2812 loco
318 2747 402 2832 apud
417 2748 591 2815 Eusebium
606 2762 801 2823 conservato,
816 2748 878 2810 ubi·
888 2749 1051 2834 presbyter
1065 2747 1181 2833 aliquis

153 2833 194 2904 ab
219 2833 358 2896 antistite
381 2848 491 2896 nostro
514 2833 755 2942 Hierapolitano
782 2833 827 2895 ita
848 2833 1005 2896 adductus
1022 2847 1092 2912 est;
1118 2833 1180 2895 Καὶ

152 2922 221 2981 siro
235 2922 248 2979 d
263 2915 447 3003 πρεσέότερας
461 2917 550 3001 ἔλεγε·
571 2924 688 3004 Mopsus
699 2918 750 2998 μὲν
764 2943 792 2981 κ.
803 2944 832 2980 τ.
845 2931 875 2980 λ.
892 2917 961 2980 vide
977 2939 1072 3003 supra
1084 2939 1118 3002 p.
1131 2933 1180 2982 13.

153 3003 237 3066 Haec
261 3016 416 3087 praeterea
437 3003 564 3081 addam,
588 3025 685 3088 agere
708 3003 748 3066 de
768 3002 880 3065 eadem
906 3025 949 3077 re,
977 3003 1040 3066 boc
1065 3016 1115 3066 est
1136 3002 1180 3067 de

151 3108 253 3173 regno
275 3087 407 3166 Christi,
427 3101 493 3151 tarn
516 3088 607 3152 illum
631 3110 707 3152 mox
732 3100 917 3151 secuturum
939 3087 1058 3166 locum,
1080 3109 1180 3173 quam

152 3173 238 3237 hunc
262 3175 317 3259 qui
342 3173 445 3258 Papiae
469 3175 509 3237 ab
535 3175 657 3237 irenaeo
682 3171 870 3236 nominatim
891 3173 1046 3257 ascriptus
1068 3185 1128 3252 est,
1145 3185 1182 3240 et

152 3259 282 3333 eosdem
304 3280 399 3343 porro
419 3260 508 3322 locos
530 3258 615 3345 apud
638 3260 796 3322 Irenaeum
814 3257 901 3320 baud
920 3259 964 3322 ita
983 3257 1097 3343 procul
1109 3280 1131 3322 a
1144 3278 1182 3325 se

71 3415 72 3420 η
151 3342 285 3418 invicem
301 3343 427 3408 distare.

196 3430 230 3491 P.
247 3443 291 3490 10.
307 3428 329 3491 l.
342 3443 391 3491 23.
411 3430 490 3502 -ὠς
503 3435 527 3492 ui
540 3425 739 3512 Πρεσὸὗτεμοι]
752 3427 892 3513 Papiam,
905 3439 944 3491 ut
957 3448 1029 3495 mea
1042 3438 1092 3492 est
1106 3425 1181 3512 opi'*

152 3511 218 3590 nin,
234 3513 394 3599 intelligit,
410 3528 465 3579 aut
485 3515 618 3577 fortasse
637 3513 845 3590 Aristionem‚
859 3526 892 3575 et
905 3515 1062 3576 Joannem
1076 3534 1182 3597 quen-

150 3599 408 3676 dam-seniorem,
423 3620 560 3683 quorum
581 3597 707 3661 auditor
726 3598 838 3661 fuerat.
872 3600 1180 3661 Fsuaunnurrus

150 3683 194 3747 ad
207 3685 372 3746 Irenaeum.
415 3686 498 3746 Haec
519 3683 688 3746 Seniorum
707 3681 795 3746 dicta
817 3682 927 3767 Papias
949 3683 981 3746 in
1003 3702 1099 3766 opere
1117 3702 1182 3747 suo

151 3768 297 3845 attulisse
319 3768 453 3846 videtur,
477 3781 575 3853 atque
598 3766 710 3831 eadem
737 3789 776 3830 ex
802 3768 897 3853 Papia
927 3768 1077 3845 Irenaeus,
1100 3786 1182 3852 sup·

149 3873 261 3938 presso
283 3853 421 3916 auctoris
441 3855 580 3928 nomine,
594 3865 631 3916 ut
652 3851 750 3916 moris
770 3864 840 3915 tum
863 3852 937 3926 fuit,
951 3851 1182 3938 desumpsisse.

153 3937 252 4024 Quod
274 3937 300 4000 si
322 3938 366 4000 ita
385 3952 446 4015 est,
468 3937 535 4000 fieri
555 3936 684 4022 quidem
705 3949 822 4021 potest,
845 3949 880 3999 ut
900 3938 992 4022 plura
1012 3952 1086 4002 ante
1108 3937 1184 4003 haec

69 4095 78 4104 ‚
148 4021 238 4108 apud
254 4023 409 4086 Irenaeum
424 4021 580 4085 exstantia
594 4020 635 4084 ad
644 4022 778 4108 ‚Papiam
793 4023 980 4106 pertineant.
1099 4058 1104 4064 ·

195 4107 279 4173 Ibid.
293 4105 316 4171 1.
330 4119 379 4181 24,
399 4106 475 4194 τότε]
501 4108 547 4171 H.
562 4127 591 4170 e.
613 4121 687 4192 post
707 4120 852 4194 tempora
872 4105 963 4194 regni
983 4116 1183 4185 sanctornm,
