2716 4748
160 302 227 383 3⁶4
284 284 340 297 '''
469 279 857 361 ‘'muorm'ronus
948 282 953 337 .·
974 282 1012 341 ··:
1042 280 1085 343 :rr

159 461 927 639 tt'htththhtfflhlttttlhill
946 460 1193 639 &iiiiii

161 635 276 721 codice
288 636 408 722 scripto
427 637 532 702 Rufini
550 636 639 701 Hist.
654 636 756 723 quiin
772 635 922 722 Collegio
937 637 971 700 S.
985 636 1192 724 Magonem

162 720 281 786 Oxonii
295 736 444 788 servatur.
480 724 523 786 Et
541 722 642 786 rarius
661 721 793 809 quidem
815 744 890 785 curn
914 721 1054 809 simplici
1072 748 1093 786 τ
1105 722 1193 809 exhi·

160 808 240 872 bent
253 807 384 872 Eusebii
398 808 445 873 ed.
463 808 567 893 Steplt.
582 808 734 895 MStiqae
746 808 823 895 neg.
835 820 868 871 et
879 808 967 872 Med.
983 807 1193 893 Maepham·

160 908 221 980 qne
232 905 266 956 et
283 894 451 981 Gregorius
465 896 538 959 Tar.
553 892 609 959 sed
631 914 707 958 curn
728 894 852 957 caeteris
866 893 987 958 Valesii
1000 893 1102 959 codd.
1116 915 1192 960 cou-

161 978 260 1043 sentit
274 980 351 1043 MS.
367 994 476 1044 noster
490 979 580 1044 Bodl.
600 1002 656 1044 seu
677 978 775 1044 Savil.
811 979 922 1045 Habet
940 1000 1015 1044 vero
1032 983 1098 1066 ‘pap
1117 977 1192 1065 alyne

159 1086 221 1151 pro
234 1065 357 1140 ΟὐὲτΊιος
370 1065 480 1130 radicis
494 1063 633 1150 Norsolc.
653 1065 783 1129 collatio
802 1065 882 1129 mihi
899 1065 940 1129 ab
957 1064 1067 1129 amico
1086 1064 1192 1144 mina,

159 1149 218 1215 nbi
237 1151 346 1215 statim
367 1162 441 1238 post
461 1151 507 1215 ita
527 1150 684 1228 scribitur,
699 1150 740 1229 ,εἷς
758 1155 791 1214 ἐκ
807 1159 863 1214 τῶν
882 1154 1001 1263 ἀγαθοῖο
1019 1153 1192 1235 &Raparia

158 1248 318 1397 ”lilii
332 1235 1013 1409 1.ll.⁰{.l¹ir⁸.i5⁶ihillllisi“hssia
1029 1320 1193 1413 habetque

157 1404 242 1473 infra
255 1407 296 1472 ad
310 1408 374 1473 l.⁵.
388 1407 554 1495 ἀνεχομένου
568 1406 826 1494 ρῐυάναχομένου.
879 1416 883 1421 “
1035 1483 1038 1487 1

205 1492 289 1557 lbid.
304 1492 326 1557 l.
337 1510 368 1573 9.
390 1493 575 1581 παράκλητος
590 1498 745 1581 Χριςιανῦν
756 1492 954 1580 χρηματίσας]
970 1492 1066 1558 Male
1081 1491 1194 1559 Chrit-

157 1578 376 1666 bophorsonus
398 1578 485 1645 huuc
506 1579 615 1645 locum
636 1579 859 1664 interpretatus
875 1590 935 1657 est,
950 1579 1042 1664 quasi
1063 1578 1193 1666 Epaga-

157 1664 237 1730 thus
248 1665 361 1730 exinde
381 1667 423 1730 ab
445 1666 595 1731 omnibns
609 1676 740 1730 vocatus
754 1664 850 1732 fuerit
863 1678 1018 1749 patronus
1034 1662 1193 1730 Christia-

159 1772 285 1815 norum.
329 1753 483 1817 Nostram
499 1764 607 1817 autern
622 1750 797 1815 versionem
811 1750 980 1815 confirmat
999 1749 1145 1829 Rufinus,
1157 1757 1192 1815 et

159 1856 233 1921 quoe
255 1852 433 1923 sequumm
453 1838 557 1915 verba,
573 1835 646 1921 ἴχων
667 1838 695 1899 δὲ
718 1836 916 1923 παράκλητον,
932 1836 992 1899 so.
1013 1856 1092 1924 quae
1109 1848 1193 1901 stare

157 1919 292 1985 cumino
307 1944 370 1985 non
384 1935 530 2007 possunt,
545 1922 605 1987 nisi
618 1923 664 1986 ita
677 1921 892 2008 interpreteris
905 1934 943 1984 nt
956 1920 1104 1986 fecimus.
1117 1922 1190 1985 Vs-

159 2026 309 2071 ussrus.
353 2008 486 2071 Rufinus
499 2018 588 2071 vetus
602 2007 757 2094 interpres
773 2007 881 2071 habet.
913 2008 1080 2093 Tanquam
1099 2005 1193 2070 uduo

157 2100 257 2170 totns,
272 2091 374 2180 inquit
391 2092 438 2177 (h.
449 2114 477 2157 e.
493 2092 538 2157 ait
554 2098 697 2179 praeses),
714 2090 969 2170 christianornm,
985 2100 1016 2155 et
1030 2091 1097 2177 ipse
1109 2091 1194 2157 uina·

158 2186 261 2241 torum
274 2200 400 2242 nam
412 2179 551 2244 societur.
587 2177 678 2242 Male
691 2200 731 2242 ex
744 2176 1005 2245 antecedentibus
1018 2177 1193 2263 repetitum

156 2276 209 2327 est
229 2264 277 2326 nal
301 2267 382 2338 αὐτὸς
403 2276 477 2327 ante
498 2285 607 2328 vocem
632 2263 817 2349 παράκλητος
842 2263 873 2326 in
897 2263 970 2329 Cod.
993 2263 1073 2327 MS.
1097 2260 1192 2339 Bodl.

156 2362 191 2412 et
204 2347 245 2411 ad
260 2371 363 2435 marg.
379 2349 515 2414 duorum
532 2350 680 2413 editionis
699 2348 810 2435 Steph.
827 2347 1056 2432 exemplarium
1071 2347 1192 2412 Jonesi·

157 2434 214 2498 uni
234 2434 495 2536 Bibliotheccepue
509 2434 601 2499 Bodl.
644 2434 742 2498 Paulo
761 2447 835 2520 post
855 2434 1015 2500 omittitur
1039 2433 1193 2501 articulus

156 2532 232 2585 ante
242 2521 428 2608 παράκλητον
441 2544 473 2585 m
487 2521 601 2586 eodem
617 2520 693 2585 MS.
711 2519 874 2584 Bodleian
890 2517 988 2583 Sooil.

158 2630 162 2635 ’
199 2605 284 2670 ibid.
299 2606 321 2670 l.
338 2623 384 2670 10.
405 2612 507 2671 πλεῖον
528 2613 576 2669 τοῦ
598 2605 763 2692 Ζαχαρίου]
778 2607 851 2670 Jam
868 2626 963 2691 supra
983 2604 1193 2690 Epagathum

155 2693 352 2778 comparavit
378 2714 453 2757 cum
480 2693 635 2756 Zacharia
660 2692 844 2769 Sacerdote,
869 2690 910 2754 de
936 2713 1002 2777 quo
1026 2692 1136 2755 Lucas
1158 2694 1191 2756 in

154 2778 320 2862 evangelio
340 2800 410 2864 cap.
425 2779 445 2841 i.
484 2780 606 2842 lterum
629 2798 713 2841 nnnc
734 2776 849 2841 alludit
869 2777 910 2840 ad
931 2777 1026 2839 verba
1049 2797 1125 2862 quae
1143 2775 1191 2839 le·

153 2876 278 2946 gtmtur
291 2863 323 2926 in
339 2864 399 2926 line
412 2863 490 2926 dicti
505 2863 628 2949 capitis.
661 2864 708 2927 Et
723 2861 893 2926 Ζασὴαοὶαε
905 2862 1043 2946 repletas
1056 2871 1103 2927 est
1120 2859 1192 2945 Spl-

154 2945 221 3010 n'tu
235 2958 349 3012 sancto.
387 2949 484 3011 Porro
500 2949 637 3033 Spiritus
652 2950 685 3012 S.
701 2974 749 3012 ora
767 2948 886 3027 ἄκλητος
904 2946 1021 3011 dicitur
1042 2947 1075 3011 in
1097 2968 1191 3011 evan·

154 3031 254 3117 gello,
275 3033 308 3096 id
330 3044 390 3112 est,
412 3033 588 3112 advocatur,
611 3034 687 3121 quia
708 2976 830 3098 scilicet
896 3033 994 3097 stulat
1039 3053 1077 3095 ro
1099 3031 1192 3096 nobis

153 3119 330 3203 gemitibus
344 3119 617 3199 inenarrabilibus,
632 3136 669 3183 ut
683 3120 727 3193 ait
740 3055 918 3205 apostoliis.
954 3120 1005 3180 Ita
1048 3117 1191 3183 ertullia·

154 3225 216 3269 nus
240 3205 272 3269 in
296 3205 379 3269 libro
405 3206 446 3269 de
464 3205 610 3284 Je'uniis,
630 3206 670 3269 de
692 3206 811 3291 Spiritu
833 3215 943 3269 sancto
965 3203 1116 3289 loquens,
1130 3223 1192 3290 qno

152 3291 332 3374 paracletus
353 3291 387 3355 id
407 3301 453 3355 est
468 3229 643 3370 advocatus,
659 3290 701 3353 ud
714 3291 903 3355 exorandam
916 3288 1069 3373 jndicem,
1085 3288 1191 3437 bugna-

154 3376 238 3438 madi
253 3375 756 3461 ‹fficiornmrenrediamandulut
792 3379 840 3440 At
865 3375 997 3439 Rufinus
1020 3396 1099 3441 cunr
1148 3394 1191 3440 aec

154 3482 220 3525 non
235 3461 436 3548 intelligeret,
452 3463 497 3526 ita
511 3463 614 3526 vertit.
651 3461 711 3525 ille
728 3483 799 3526 uero
820 3461 932 3525 habens
954 3460 988 3523 in
1009 3481 1040 3523 se
1061 3459 1191 3525 uduorn-

152 3555 222 3611 'lam
242 3562 298 3630 pra
320 3547 406 3612 nobis
419 3549 535 3627 Jemm,
552 3546 605 3611 boc
625 3546 746 3613 nomine
766 3545 879 3610 ruentis
902 3544 1068 3609 honorari:
1091 3543 1191 3609 suncti

152 3631 323 3719 presbyteri
337 3632 512 3711 Zachariae,
529 3633 583 3719 qni
598 3655 674 3720 erga
693 3643 812 3696 aureolos
833 3631 1060 3716 plenitudinem
1076 3629 1192 3695 corita·

154 3717 197 3782 tis
212 3718 395 3798 retardant,
410 3730 530 3783 secutus
543 3717 727 3802 esernplnrn.
764 3720 847 3805 Quae
861 3739 956 3803 prava
971 3715 1078 3780 Rufini
1093 3715 1191 3781 inter·

193 3805 303 3882 statio,
319 3805 521 3868 occasionem
542 3805 656 3868 erroris
676 3804 814 3889 praebuit
832 3803 941 3868 Adoni
957 3801 1144 3880 Viennensi,
1159 3811 1191 3865 et

150 3824 317 3968 ilsuarda
333 3903 365 3954 et
388 3891 549 3969 Notkero,
571 3889 626 3975 qui
647 3889 681 3954 in
702 3890 768 3952 suis
790 3886 1028 3976 martyrologiis
1052 3885 1190 3974 quadra-

150 3975 245 4061 ‘ginta
258 3987 291 4040 et
305 3988 381 4042 octo
395 3989 572 4062 martyrum
595 3973 860 4064 Lugdunensium
877 3973 1007 4036 nomina
1020 3992 1189 4038 recensen-

151 4078 213 4139 tes,
229 4061 417 4125 Zachariam
436 4061 658 4147 presbyterum
678 4059 819 4124 secundo
833 4057 907 4122 loco
923 4058 1102 4136 nominant,
1116 4068 1189 4143 post

154 4146 326 4211 Pothinum
343 4146 593 4232 Lugdunensem
607 4145 805 4231 episcopum.
836 4145 902 4232 Qui
917 4146 942 4207 si
958 4145 1110 4207 Graecum
1127 4141 1188 4217 hu·

147 4229 203 4319 jus
216 4233 362 4319 epistolae
376 4230 538 4320 exemplar
548 4230 792 4311 consulmssem,
802 4229 1099 4297 animadvertissent
1112 4249 1187 4316 prc-
