2716 4748
376 391 378 394 ι
404 294 456 361 ru
477 239 796 362 ronvcnnruiv.
1048 310 1112 385 375

75 466 183 532 charis
203 465 334 532 ederent
354 486 476 553 agnum
498 480 728 532 consecratum.
754 469 814 542 fEt
834 466 991 552 profecto,
1006 475 1043 532 ut
1061 466 1112 533 dn

75 576 164 630 cam,
179 553 268 640 quod
282 553 397 631 sentio,
410 552 500 617 valde
515 552 640 631 dubito,
653 567 763 617 utrum
785 552 955 638 Epiphanii
971 552 1075 632 locus,
1090 575 1112 617 a

77 638 267 710 Moshemio
290 639 361 704 fuse
380 639 512 725 quidem
536 639 710 725 expositus,
726 638 752 701 si
772 653 859 703 reete
879 637 1111 724 intelligeretur

78 725 219 789 auctoris
240 727 438 811 propositum
459 737 491 787 et
512 724 678 802 sententia,
693 723 768 834 agni
789 725 837 788 vel
854 724 923 789 esui
943 724 1110 810 probando

77 809 247 874 sufficeret.
293 809 413 874 Pascha
431 809 561 896 quidem
582 811 613 872 τὸ
631 816 1023 896 rauparvaov,seute1npus
1038 833 1112 874 cru-

77 894 219 961 cifixioni
233 895 354 960 Christi
369 917 505 972 sacrum,
517 894 586 960 aliis
601 895 791 959 testimoniis
807 895 882 960 satis
896 895 1055 960 stabilitur
1067 895 1110 960 ab

76 981 149 1067 ipso
167 981 353 1046 Moshemio
368 980 527 1061 adductis,
541 980 599 1044 sed
617 980 696 1063 nihil
715 996 868 1067 praeterea
877 1006 886 1060 3
910 1004 991 1068 opus
1009 981 1110 1068 igitur

76 1079 190 1145 est,ut
212 1067 334 1154 aliquid
355 1067 387 1130 in
409 1067 470 1131 hac
514 1080 582 1132 arte
603 1065 770 1144 addamus,
786 1089 851 1153 quo
872 1082 960 1132 vetus
983 1080 1110 1153 tempus

145 1152 280 1217 iedendi
319 1152 458 1216 robetur.
527 1176 543 1216 e
556 1153 626 1217 Esa
640 1153 729 1240 Agrai
745 1173 850 1217 sermo
866 1152 998 1239 quidam
1012 1167 1062 1216 est
1077 1152 1110 1217 ia

97 1237 205 1326 ‚igilia
217 1174 381 1302 Pmolatis
394 1238 576 1324 inscriptus,
592 1239 647 1324 qui
665 1239 747 1302 inter
766 1240 920 1324 opuscula
941 1240 974 1302 S.
991 1239 1110 1304 Hiero-

76 1346 178 1423 nymo
191 1323 272 1387 falso
285 1324 422 1409 ascripta
434 1337 533 1402 extat,
547 1324 603 1387 ubi
624 1324 765 1411 vigiliam
786 1324 850 1388 diei
870 1327 968 1389 morti
988 1323 1111 1390 Christi

76 1409 192 1474 drcatae
205 1410 231 1473 si
279 1409 384 1473 ificare
397 1409 542 1474 videntur
557 1411 651 1474 verba
666 1409 726 1474 sub
739 1410 866 1474 initium
882 1423 1034 1474 tractatus
1050 1433 1109 1507 po-

76 1494 158 1573 eita3
173 1431 278 1559 Ηοὲἐ
288 1517 388 1582 agnus
402 1495 465 1559 Dei
479 1494 534 1582 qm'
549 1493 631 1559 tollit
643 1506 771 1580 peccata
783 1495 891 1559 mundi
904 1510 959 1580 pm
976 1517 1110 1560 omnium

76 1579 178 1645 salute
187 1579 371 1668 jugulatur,
386 1581 472 1646 hodie
485 1580 646 1730 sanguinis
660 1579 746 1645 illins
757 1591 859 1666 postes
873 1581 1030 1646 domorum
1042 1581 1110 1647 &a

76 1667 296 1752 Praeparemas
308 1688 373 1744 nos,
385 1666 511 1754 fratres
526 1690 542 1730 e
563 1666 712 1745 arissimi,
726 1668 768 1730 ad
781 1665 1020 1731 immolationem
1035 1666 1111 1754 agni

77 1750 145 1816 &a
184 1753 292 1832 Porro,
316 1752 405 1839 quod
430 1752 470 1816 ad
494 1775 562 1817 rem
587 1753 745 1838 pertinere
768 1752 904 1831 videtur,
926 1753 959 1817 in
981 1750 1110 1838 collegii
1159 1754 1161 1759 ’

76 1836 336 1924 Magdalenensis
360 1837 449 1902 libris
475 1860 683 1924 expensarum
709 1838 942 1925 antiquioribus
967 1859 1111 1903 comme.-

74 1935 234 1988 moratam
255 1923 328 2002 vidi,
343 1945 462 1988 coenam
482 1935 619 1988 vocatum
636 1925 683 1987 Le
695 1923 853 2009 Maaady,
868 1947 942 2011 qaoe
953 1923 1051 2011 facta
1065 1936 1111 1989 est

75 2007 211 2096 antiqua
228 2020 258 2072 et
277 2007 428 2074 laudabili
448 2009 736 2092 consummana
756 2009 908 2096 scriptum
929 2012 990 2093 est)
1008 2009 1111 2080 indie

74 2116 175 2159 coeaae
189 2094 374 2159 Dominicoe.
419 2096 484 2160 Sed
499 2095 568 2159 haec
583 2096 748 2162 hactenus.

117 2181 194 2249 Jam
216 2181 353 2267 denique
373 2181 496 2258 rescivi,
511 2203 625 2246 novam
647 2182 740 2246 istam
765 2184 798 2247 P.
816 2182 961 2247 Danielis
980 2184 1110 2270 exposi-

74 2265 198 2331 tionem
221 2280 366 2331 secutum
389 2289 459 2330 esse
480 2281 553 2331 ante
576 2266 797 2332 Moshemium
818 2267 859 2331 cl.
877 2270 1109 2334 Heumannum
1153 2294 1155 2301 ¹

43 2361 45 2365 ’
75 2351 111 2416 in
133 2367 371 2439 programmate
394 2351 534 2439 quodam
557 2365 743 2427 ann01745.
765 2354 941 2438 proposito,
957 2354 1109 2420 eandem.-

75 2459 141 2524 que
155 2460 189 2502 se
204 2438 385 2525 probavisse
400 2459 473 2501 cum
490 2437 559 2502 aliis
574 2437 646 2501 viris
661 2437 775 2514 doctu,
787 2451 857 2502 tum
875 2460 949 2503 vero
963 2438 1004 2502 cl.
1017 2439 1109 2503 Dan·

74 2544 251 2611 neumayro
263 2525 296 2588 in
308 2523 468 2609 praeclaris
482 2522 552 2610 ejus
568 2522 709 2591 Imlilat.
722 2522 809 2587 Hist.
821 2523 909 2588 Eccl.
920 2524 963 2588 N.
977 2525 1014 2588 T.
1030 2547 1109 2611 quas

72 2608 210 2674 Viennae
231 2632 314 2674 anno
338 2622 424 2684 1788.
444 2608 554 2687 edidit,
578 2609 702 2673 Period.
721 2611 748 2673 1.
768 2630 838 2696 cap.
853 2609 893 2672 vi.
913 2631 946 2695 p.
963 2623 1029 2674 1⁴83.
1051 2609 1109 2675 ubi

73 2693 179 2765 obiter
197 2709 321 2760 tantum
342 2707 615 2759 commemoratur
633 2695 801 2781 expositio,
817 2716 880 2782 qua
897 2695 1019 2760 ratione
1034 2717 1108 2761 vero

72 2780 208 2844 eandem
224 2780 425 2845 illustraverit
439 2795 472 2844 et
485 2781 716 2845 confirmaverit
730 2782 954 2859 Heumannus,
968 2782 1097 2868 ignoro.

103 2867 154 2938 ,P.
165 2873 236 2945 369.
251 2866 273 2930 l.
289 2881 335 2930 10.
359 2867 405 2929 καὶ
426 2870 484 2952 γὰρ
505 2867 552 2929 καὶ
572 2870 647 2929 κατὰ
659 2870 706 2944 τὴν
720 2866 835 2953 Ἀσίαν]
854 2867 1044 2934 particulam
1059 2870 1107 2935 uati

71 2971 115 3015 ex
131 2951 233 3016 altero
254 2952 384 3018 Eusebii
406 2951 490 3030 loeo,
505 2951 561 3015 lib.
577 2951 621 3014 iii.
643 2973 713 3038 cap.
728 2966 778 3019 31.
800 2965 873 3021 ante
893 2958 969 3023 κατὰ
989 2953 1108 3034 addidi,

73 3036 133 3101 ubi
146 3037 216 3101 haec
233 3038 406 3124 Polycratis
422 3039 462 3101 ab
477 3037 527 3100 his
542 3037 671 3101 vocibus
688 3060 726 3102 us
750 3060 790 3103 ue
811 3038 851 3102 ad
874 3038 929 3102 illa
949 3043 975 3104 ἐν
996 3040 1108 3126 Ἐφέσῳ

72 3122 246 3205 neustriam,
286 3136 375 3199 .370.
390 3123 412 3186 l.
424 3140 454 3200 9.
470 3123 683 3222 proferuntur.
722 3061 854 3209 &ptime
873 3124 973 3202 enim,
994 3125 1026 3187 ni
1047 3125 1108 3188 fal,

66 3208 136 3287 lor,
160 3230 236 3273 cum
259 3144 324 3272 lbci
347 3221 503 3272 sententia
526 3207 683 3294 particula
704 3209 862 3287 convenit,
886 3209 1048 3295 quoniam,
1071 3223 1109 3276 ut

71 3293 153 3359 Gul.
165 3295 350 3379 Hooperus,
364 3293 533 3379 episcopus
547 3293 625 3357 olim
640 3293 948 3372 Batho·Wellensis,
962 3295 995 3358 in
1010 3295 1106 3359 Trae-

71 3389 147 3443 tuta
159 3379 296 3466 Anglice
312 3380 431 3465 scripto
444 3380 495 3442 De
511 3378 766 3466 Quadragesima,
779 3394 859 3464 part.
872 3382 898 3443 Ι.
913 3401 984 3466 cap.
996 3380 1017 3444 i.
1035 3383 1065 3465 ς.
1075 3394 1106 3458 4,

70 3464 234 3552 probabili
254 3465 377 3529 ratione
398 3477 640 3550 argumentatus
656 3480 716 3543 est,
732 3487 751 3528 a
768 3465 933 3552 Polycrate
947 3465 1022 3530 ideo
1036 3489 1107 3531 me-

71 3564 239 3620 morantur
250 3551 468 3636 apostolorum
482 3565 722 3638 martyrumque
734 3550 916 3637 sepulturae,
930 3551 1018 3636 quod
1028 3554 1107 3619 Vice

71 3649 128 3701 tor
145 3637 314 3723 episcopus
339 3638 502 3700 Romanus
523 3636 556 3700 in
574 3636 710 3721 epistola
724 3658 782 3699 sua
797 3637 836 3699 de
851 3636 1026 3723 sepulchris
1041 3639 1108 3705 for÷

70 3735 159 3787 tasse
174 3722 258 3785 Petri
274 3722 426 3820 Paulique
440 3734 473 3786 et
487 3721 621 3786 aliorum
637 3735 831 3800 sanctorum,
843 3745 980 3811 quorum
994 3736 1106 3791 aucto-

72 3806 202 3872 ritatem
224 3807 385 3894 Polycran
407 3807 537 3894 objecit,
553 3808 749 3874 mentionem
766 3808 903 3876 fecisset.
939 3810 983 3874 Et
1004 3809 1107 3875 simile

71 3892 155 3978 quid
168 3892 252 3956 circa
267 3891 512 3978 respondentem
528 3892 644 3958 Caium
666 3894 847 3958 Romanum
871 3894 983 3957 Proclo
1004 3894 1107 3981 Phry÷

70 3976 139 4064 give
161 3977 289 4043 haeresis
311 3979 521 4064 antesignano
542 3978 647 4043 videas
667 3979 765 4043 fuisse
780 3978 941 4048 aValesio
956 3979 1106 4044 observa.-

70 4076 157 4143 tum,
171 4064 213 4127 ad
233 4063 289 4127 lib.
305 4064 345 4127 vi.
367 4063 480 4128 Emel.
501 4063 587 4127 Hist.
609 4085 679 4149 cap.
693 4079 743 4128 20.
789 4063 847 4127 Ille
869 4065 953 4129 enirn
977 4065 1105 4135 haeresi-

70 4149 172 4216 archa
191 4148 231 4213 de
254 4148 401 4235 Philippo
423 4149 611 4234 filiabusque
632 4151 712 4236 ejus,
727 4162 823 4234 atque
838 4150 981 4248 ipsorum
999 4150 1107 4236 sepul..-

69 4233 160 4302 chris
178 4234 373 4301 mentionem
394 4234 523 4316 fecerat,
544 4246 656 4382 coptra
675 4249 782 4303 autem
800 4233 899 4303 Catus
914 4233 998 4308 Petri
1011 4248 1108 4323 atque
1176 4254 1178 4258 ·

547 4339 568 4382 Β
613 4331 634 4382 4
