2716 4748
160 298 230 383 41}
344 306 348 311 '
377 330 381 337 ·
500 295 862 365 ANNOTATIONES

161 466 318 619 'lislam'
331 488 428 556 quam
443 468 608 557 neglectus
624 469 724 535 moris
739 467 992 536 observantibus.
1041 468 1110 535 Sed
1123 466 1194 536 nibil

160 575 184 620 a
217 577 300 619 nno.

207 642 242 704 P.
253 654 323 719 392.
337 639 359 705 l.
375 654 423 705 12.
445 638 643 720 ἀπεὲλίρησαν
657 666 725 716 τινες
755 640 888 706 Rufinus
902 642 986 707 hanc
998 663 1114 707 vocem
1128 640 1196 726 plu-

160 725 252 792 ribus
271 726 373 791 verbis
391 728 549 813 exposuit,
564 751 635 814 quae
650 727 729 792 scho
744 727 762 741 '‘
778 727 880 791 vicem
896 741 1063 814 praestant.
1081 780 1086 799 ,
1109 727 1197 791 Nan-

160 833 259 898 quom
281 823 384 877 taurea
404 812 440 875 οὒ
461 812 515 877 boc
534 813 650 898 repulsi
669 824 742 879 strat
758 813 797 879 ol
817 813 953 878 ecclesioe
969 812 1131 891 societate,
1145 823 1209 878 narr.

160 897 315 962 venientes
330 898 368 962 alr
384 897 450 962 illis
460 899 603 984 partibus
617 922 677 964 noa
692 910 765 964 sant
781 901 923 985 suscepti.
946 897 1123 963 ἁποὸἄλλειν
1137 899 1196 997 igi·

160 993 216 1047 tur
230 983 295 1047 dno
310 984 478 1070 significat,
493 998 549 1048 aut
564 985 679 1071 ejicere
691 986 733 1049 ab
747 985 891 1064 ecclesia,
906 1008 979 1072 quae
1000 985 1197 1070 frequentior

158 1069 353 1155 significatio
363 1083 424 1148 est,
437 1083 473 1135 ut
487 1071 637 1156 incapite
650 1070 765 1137 ultimo
779 1071 875 1159 hujus
890 1070 962 1136 libri
969 1094 980 1148 ;
995 1083 1054 1136 aut
1065 1071 1196 1134 omnino

159 1176 227 1219 non
241 1154 411 1220 admittere
418 1155 609 1221 venientem.
623 1160 830 1223 Vannsrus.
853 1156 1005 1222 Eruditus
1019 1156 1196 1220 Tillemon-

160 1238 225 1304 tius
239 1254 320 1306 tom.
334 1241 368 1305 ii.
383 1263 459 1328 pag.
472 1249 542 1307 460.
556 1243 670 1309 ceteris
684 1243 825 1308 Victoris
844 1241 1066 1307 decessoribus
1086 1241 1140 1308 hic
1157 1241 1196 1305 ab

159 1326 286 1391 Ire'naeo
306 1329 492 1392 memoratis
513 1330 657 1394 Soterem
679 1342 714 1393 et
732 1327 940 1393 Eleutherum
960 1327 1035 1393 ideo
1053 1349 1122 1391 non
1140 1327 1195 1391 ad-

160 1410 169 1425 ‘
243 1414 457 1499 'suspicatur‚
472 1415 547 1501 quia
567 1414 613 1479 illi
632 1414 772 1501 primurn
785 1416 923 1478 Asianos
943 1415 974 1477 in
993 1413 1076 1477 urbe
1096 1415 1196 1478 Roma

154 1519 197 1562 ec
229 1500 365 1564 esiarum
386 1522 516 1564 suarum
535 1522 624 1564 more
645 1501 764 1586 paseha
783 1500 943 1565 celebrare
961 1498 1195 1585 prohibuerint.

155 1585 202 1653 Et
217 1584 381 1670 probabile
396 1585 524 1671 quidem
539 1600 599 1664 est,
613 1587 861 1651 controversiam
882 1585 924 1649 de
942 1583 1063 1671 pascha
1077 1585 1195 1648 Anice-

156 1681 230 1734 tum
245 1671 327 1735 inter
341 1684 374 1736 et
390 1670 602 1759 Polycarpum
617 1687 769 1757 coeptam,
784 1672 865 1736 inter
885 1671 1053 1820 utrinapue
1069 1691 1195 1735 succes·

159 1778 247 1821 sores
263 1758 418 1843 paulatim
434 1760 537 1843 magis
552 1780 589 1822 ac
604 1780 657 1821 ma
683 1759 709 1822 is
723 1759 884 1822 exarsisse.
917 1758 994 1843 Quo
1032 1756 1060 1818 si
1075 1756 1121 1818 ita
1136 1768 1194 1834 est,

156 1862 263 1927 neque
278 1843 491 1927 respuendum
506 1844 566 1908 erit
579 1867 623 1929 qu
689 1843 778 1908 Beda
791 1857 824 1908 et
837 1841 912 1907 Ado
928 1840 1071 1920 tradunt,
1086 1840 1195 1904 decre-

151 1936 228 1990 ·tum
249 1929 290 1991 ab
311 1928 485 1992 Eleuthero
499 1929 539 1992 de
553 1929 673 2014 paseha
693 1928 827 2005 editum,
842 1927 931 2012 quod
944 1927 1060 1992 Victor
1080 1927 1194 1990 confir·

156 2012 274 2091 marit3
299 2028 420 2076 etcum
435 2014 549 2077 eadem
563 2016 750 2099 exceptione
770 2012 1012 2097 intelligendum
1028 2012 1092 2075 erit
1106 2012 1195 2097 quod

156 2097 197 2161 de
212 2099 353 2162 Victoris
372 2100 591 2164 decessoribus
613 2100 790 2185 generatim
811 2099 940 2177 dicitur,
962 2119 1019 2161 eos
1041 2097 1194 2163 nimirum

149 2182 362 2249 ‚ecclesiarum
388 2185 594 2273 presbyteris,
622 2186 676 2272 qui
706 2185 798 2249 aliter
826 2183 945 2269 pascha
972 2183 1194 2261 observabant,

154 2268 381 2334 eucharistiam
403 2271 624 2335 transmisisse.
648 2271 870 2335 Constans.
915 2271 962 2333 At
976 2290 1050 2332 vero
1066 2270 1194 2333 obstare

154 2354 289 2433 videtur,
302 2380 341 2419 ne
356 2358 420 2420 tale
433 2357 553 2443 aliquid
571 2357 674 2420 Soteri
691 2369 787 2441 atque
801 2354 975 2419 Eleuthero
990 2353 1162 2439 affingatur
1175 2377 1194 2417 a

155 2443 400 2506 mansuetudine
413 2445 552 2526 priorum
564 2444 790 2527 episcoporum
803 2442 972 2517 diversum,
983 2440 1016 2504 id
1026 2440 1116 2525 quod
1129 2455 1193 2504 tra·

156 2526 260 2590 ditum
272 2529 304 2591 in
317 2531 477 2613 superiore
486 2530 558 2614 ῥὴσει
570 2543 629 2603 est,
641 2549 751 2590 ornnes
761 2549 870 2612 paoem
885 2527 965 2588 inter
979 2547 1012 2588 se
1023 2527 1193 2589 retinuisse

154 2628 188 2675 et
202 2614 308 2677 adhuc
325 2615 468 2677 retinere.
512 2615 670 2676 Nonnihil
689 2615 810 2676 interea
829 2613 869 2675 de
889 2611 1016 2674 duobus
1031 2611 1120 2674 hisee
1136 2634 1193 2674 an-

154 2698 283 2763 tistibus
300 2701 406 2763 statim
432 2715 504 2763 arrte
524 2700 556 2762 in
579 2713 667 2784 parte
687 2700 864 2762 litterarum
880 2719 1049 2781 suppressa
1063 2698 1193 2761 locutus

154 2805 223 2846 esse
241 2787 380 2848 lrenaeus
394 2786 527 2850 videtur.
564 2785 626 2847 Sed
640 2785 771 2847 forsitan
788 2807 862 2846 cum
878 2782 992 2867 majori
1008 2782 1073 2845 veri
1088 2783 1193 2867 specie

153 2890 194 2931 ex
209 2870 271 2932 hoc
287 2873 402 2933 eodem
417 2873 489 2934 loco
505 2871 658 2955 Lampius
673 2871 704 2932 in
723 2871 905 2954 Prolegom.
922 2870 1092 2931 Commeat.
1109 2869 1144 2931 ia
1160 2869 1191 2932 S.

151 2955 282 3017 Joarmis
294 2958 419 3042 Enang.
435 2957 490 3019 lib.
502 2959 527 3018 l.
545 2980 614 3042 cap.
629 2956 671 3019 iii.
688 2959 718 3038 b.
733 2970 761 3019 8.
775 2970 808 3018 et
821 2968 894 3017 ante
910 2974 983 3017 eum
1000 2955 1191 3018 Pearsonius

152 3040 226 3124 plus
250 3042 349 3104 semel
375 3043 408 3104 in
437 3042 585 3126 Operibus
607 3043 774 3117 Potitianis,
797 3041 1008 3125 collegerunt,
1035 3041 1191 3124 Xystum‚

153 3126 218 3189 sive
236 3127 372 3205 sixtum,
388 3130 525 3212 primum
549 3129 630 3192 inter
652 3127 802 3213 praesules
826 3129 987 3207 Romanos
1008 3125 1120 3201 fuisse,
1136 3127 1192 3210 qui

153 3213 271 3297 pascha
286 3237 358 3277 cum
375 3215 495 3278 Jndaeis
514 3213 589 3276 luna
603 3227 714 3298 quarta
731 3213 856 3276 decima
872 3211 1032 3274 celebrare
1051 3211 1191 3276 desierit.

154 3299 219 3360 Sed
243 3299 302 3362 hae
325 3323 357 3362 re
379 3300 411 3362 in
434 3322 572 3384 praesens
595 3300 702 3377 missa,
718 3297 871 3384 quiequid
892 3298 995 3381 egisse
1013 3296 1099 3359 cirea
1116 3319 1191 3380 pas·

153 3384 250 3446 cham
270 3386 460 3448 Eleutherus
479 3399 576 3470 atque
598 3386 692 3448 Soter
711 3399 910 3458 censeantur,
925 3382 1025 3444 altum
1048 3382 1089 3444 de
1110 3405 1191 3446 ausu

152 3469 210 3531 tali
230 3469 390 3533 silentium
412 3471 563 3556 prohibet
580 3493 637 3533 nos
657 3471 796 3547 credere,
813 3482 944 3533 cetratos
959 3489 1027 3529 esse
1046 3467 1107 3530 hos
1122 3469 1191 3552 epi·

152 3576 269 3639 scopos
292 3557 437 3619 homines
458 3571 570 3620 contra
588 3556 759 3620 sentientes
777 3553 1004 3618 communione
1021 3553 1189 3617 ecelesias-

141 3639 216 3702 -tica
231 3642 362 3724 privare.

198 3727 378 3790 Ibld.l.13.
402 3727 518 3807 ἔπεμπον
544 3725 720 3811 εὐχαριςῖαν]
750 3724 904 3788 Solebant
930 3724 1008 3787 olim
1034 3725 1189 3809 episcopi,

151 3823 296 3898 tempore
311 3813 467 3896 paschalis
482 3814 659 3876 festivitatis
671 3811 896 3874 eucharistiam
912 3811 953 3873 ad
966 3810 1047 3872 alios
1062 3811 1189 3894 episco-

142 3919 211 3982 pos
226 3900 425 3982 eulogiarum
443 3899 570 3961 nonrine
586 3899 809 3960 transmittere.
848 3896 950 3982 quue
965 3895 1095 3958 tandem
1109 3895 1189 3957 veti-

152 3998 222 4046 tum
239 3985 299 4046 fuit
314 3985 451 4047 concilio
466 3985 649 4047 Laodiceno
663 3983 768 4068 eapite
783 3993 829 4044 14.
851 3983 899 4045 At
914 3981 1087 4044 Rhenanus
1102 3980 1187 4043 hunc

150 4067 259 4131 locum
280 4070 370 4132 aliter
389 4070 553 4133 intellexit.
597 4071 649 4132 Sic
670 4069 754 4131 enim
774 4067 937 4130 adnotavit
953 4066 993 4129 ad
1008 4066 1185 4150 marginem

151 4153 266 4219 Rufini.
303 4157 358 4220 liar
373 4155 427 4219 linc
441 4155 553 4219 lrenoei
570 4154 632 4218 loca
647 4165 788 4240 apparet,
805 4153 885 4240 quad
907 4153 933 4216 si
956 4152 1113 4238 episcopus
1128 4149 1189 4215 ali·
