2716 4748
485 257 796 352 PRAEFATIO.
1124 263 1167 353 xi

114 465 205 532 tum
227 466 340 555 utque
361 455 529 533 indicum
546 457 846 546 necessariorum,
862 452 1056 528 conatibus
1073 453 1166 531 meis
1272 484 1277 491 ·

110 581 152 661 si
175 581 284 656 Deus
304 580 489 673 annuerit,
513 595 726 679 sequentur,
747 578 891 665 duobus
912 576 1042 652 itidem
1063 579 1168 653 volu*

120 704 287 778 minibus
304 704 482 779 conclusi.
1145 774 1155 783 ,

110 896 115 903 .
170 826 225 900 Et
240 854 344 918 vero,
356 827 428 902 nisi
445 850 507 903 me
529 827 603 902 mei
627 827 742 903 animi
767 827 864 903 fallit
882 825 1060 917 studium,
1077 826 1169 926 ipsse

112 933 182 1023 hae
204 949 480 1049 deperditorum
504 941 654 1050 patrum
677 950 854 1048 reliquum,
871 975 1021 1025 cum-ex
1037 950 1170 1025 ultima

120 1072 338 1147 Christiana
363 1073 585 1170 antiquitate
610 1074 774 1149 collectae
800 1073 888 1162 siut,
911 1072 1012 1148 haud
1037 1096 1169 1171 parum

122 1196 284 1270 servient
309 1195 516 1270 commodis
543 1208 582 1271 et
611 1196 764 1271 utilitati
793 1196 988 1272 homiuum
1012 1195 1173 1271 Theolo-

122 1303 196 1418 giae
217 1345 368 1418 operam
391 1318 575 1410 dantium,
592 1320 656 1418 qui
677 1319 855 1395 librorum
873 1319 1084 1393 divinorum
1100 1317 1173 1393 ori-

34 1521 39 1525 ,
122 1442 230 1540 gines
246 1455 285 1516 et
300 1455 452 1533 statum,
464 1455 624 1517 veterem
639 1442 804 1543 ipsorum
820 1441 1174 1542 interpretationem,

113 1589 211 1640 ‚vera
234 1591 278 1639 sc
301 1577 479 1664 perpetua
503 1565 666 1642 ecelesiae
691 1567 877 1665 dogmata,
904 1566 1088 1663 simulque
1114 1588 1175 1639 eu·

123 1685 342 1761 clesiasticae
371 1687 577 1786 discipline
603 1688 774 1779 formam,
799 1688 939 1762 rituum
961 1701 1075 1778 ortus,
1101 1712 1177 1761 rev

125 1834 200 1907 que
225 1822 347 1910 gestas
372 1809 538 1884 veterum
568 1810 879 1902 Christianorum,
908 1812 1022 1910 probe
1050 1824 1176 1885 tenere

126 1946 241 2030 atque
278 1934 496 2034 intelligere,
534 1933 589 2034 sui
630 1960 709 2008 esse
748 1935 912 2037 muneris
950 1933 1176 2008 existiment.

127 2054 240 2141 Certe
264 2055 305 2130 in
330 2057 401 2130 hoc
422 2082 557 2155 genere
582 2055 770 2131 literarum
795 2056 979 2156 egregiam
999 2057 1089 2131 olim
1113 2085 1178 2132 na-

113 2179 267 2267 ,rabant
281 2201 430 2278 operam
447 2179 624 2278 theologi,
639 2178 825 2280 praecipue
842 2191 1035 2255 nostrates.
1069 2178 1180 2280 Mag·

119 2327 197 2390 ‚nos
221 2312 336 2375 testor
359 2301 468 2392 viros,
489 2300 696 2392 Usserium,
713 2301 1012 2394 Hammondum,
1029 2303 1183 2377 Pearse

24 2496 26 2499 .
128 2423 250 2515 nium,
268 2423 408 2522 qui,‚nt
423 2424 514 2500 ulios
536 2411 557 2501 e
579 2437 703 2500 nostra
723 2438 834 2527 gente
857 2425 897 2498 in
917 2424 1046 2499 eadem
1068 2453 1179 2524 arens

78 2623 81 2628 ,
118 2570 217 2624 ,curn
246 2546 385 2646 insigni
414 2547 524 2622 laude
554 2559 715 2624 versatos
748 2559 902 2638 taceam,
935 2548 1182 2625 ecclesiastice

128 2668 300 2756 doctrina
323 2667 504 2766 reliquam
525 2671 681 2769 gloriam
703 2671 995 2747 cumulaverunt.
1045 2669 1183 2771 Neque

130 2791 178 2866 ab
194 2791 297 2865 hisce
313 2792 429 2867 musis
446 2805 520 2867 tres
536 2793 591 2869 illi
609 2793 726 2869 critici
750 2794 981 2884 abhorruisse
997 2794 1181 2888 videntur,

132 2913 270 3012 quibus
290 2939 479 3015 assurgere
496 2915 590 2997 solet
602 2916 776 2993 ,universa
792 2916 1018 2995 literatorum
1037 2920 1181 3012 cohors,

131 3034 320 3136 losephus
360 3038 424 3113 ille
465 3038 640 3139 Scaliger,
674 3040 928 3132 Casaubouus‚
967 3042 1181 3121 Salmasius.

58 3242 62 3250 ¹
132 3157 260 3233 Immo
274 3158 478 3243 Salmasius
494 3187 589 3260 opus
605 3188 714 3239 suum
734 3163 968 3263 palmarium,
987 3165 1186 3241 Plinianas

133 3281 440 3374 Eemutiom
459 3285 667 3363 contemnit
689 3313 766 3385 prae
789 3287 874 3378 illis,
885 3313 983 3387 ,quas
1004 3290 1045 3360 iu
1068 3304 1185 3364 mente

134 3430 179 3478 ue
201 3405 542 3490 munibuslmbebat
565 3408 606 3481 in
627 3411 740 3512 sarie.
765 3409 984 3490 Tertulliani
1006 3435 1127 3510 opera,
1144 3415 1203 3488 in⁴
1248 3426 1260 3446 ⁸

121 3526 319 3602 μΕῐίόιιὶιιὶ
342 3529 482 3622 macilis
506 3555 673 3622 canones,
698 3546 805 3630 utque
829 3533 1034 3608 universam
1053 3536 1185 3633 prisce

136 3651 289 3725 ecclesie
303 3652 474 3725 ritualem
484 3651 684 3742 historiam,
698 3654 1080 3731 commentationibusb.
1105 3656 1185 3733 De·

124 3772 264 3870 nique,
280 3783 325 3846 nt
346 3765 564 3874 jrraeteream
588 3775 678 3849 ulios
701 3775 798 3850 viros
821 3776 994 3869 illustres,
1012 3778 1104 3854 duos
1128 3804 1187 3857 rc-

175 3967 393 4046 ‘Protegomx
383 3991 413 4028 os
426 3950 575 4031 solinum
566 3973 631 4031 ruit.
658 3970 732 4031 Haee
746 3984 843 4035 sutem
857 3995 946 4063 opera
959 3977 1058 4034 omnia
1071 3986 1138 4056 post
1151 3996 1185 4038 se

137 4066 288 4151 reliquisse
302 4075 485 4144 Selinusiam,
499 4076 628 4133 ostendit
641 4074 847 4156 catalogus
819 4097 883 4158 eJus
899 4076 1039 4141 lihrorum
1053 4078 1187 4203 epistulis

137 4171 219 4241 (anu
228 4178 305 4245 illisu
319 4174 415 4271 critici
427 4181 571 4262 prefixus.
592 4180 730 4263 pmlsv'
