2716 4748
165 320 220 388 ru
238 277 373 388 arrsn
394 316 615 388 urrunnu.
635 316 694 384 ur
714 314 989 384 aucouuau.
1032 333 1110 403 323·

54 489 170 558 versio.
185 495 311 570 ὃπεςῆσαε
324 488 411 554 enim
424 488 553 590 proprie
564 498 613 552 est
628 487 739 553 sistere
752 507 862 551 coram
872 484 995 575 judice,
1005 483 1099 571 quod

57 576 158 642 etiam
182 580 352 662 ungariam
375 574 504 640 dicitur.
529 575 738 640 Vaaasrus.
783 571 894 636 Habet
919 570 1097 648 επιςῆσαπος

56 663 143 725 adrui
162 663 201 726 τῦ
218 667 268 746 ἠγ.
282 661 361 726 MS.
377 658 517 746 Norfalc.
537 669 571 723 et
591 657 699 722 statim
721 670 797 743 post
813 656 855 731 τίς
876 654 913 734 εἴη
928 675 990 742 pro
1009 653 1036 729 ὅς
1055 678 1098 729 τις

57 742 98 828 εἴη
114 745 196 810 idem
209 744 303 810 codes
316 744 574 831 Bodleianusque.

103 831 138 894 P.
145 836 220 896 286.
235 829 258 894 l.
274 835 321 894 16.
343 831 452 928 μετὰιῇ
467 836 516 893 τοῦ
533 827 681 911 'Aricinam
697 831 765 906 Τοῦ,
779 825 869 912 quod
884 823 1042 889 addidisse
1057 844 1098 888 ex

57 913 167 979 MStis
181 914 247 979 suis
261 914 410 979 Valesius
422 913 556 992 v1detur‚
571 912 735 977 Strothius
751 923 843 975 textu
858 931 918 975 suo
932 911 1098 995 expunxit.

57 998 125 1064 Sed
140 1021 216 1064 cum
230 998 363 1064 Valesio
378 998 466 1078 facit,
483 1009 518 1063 ut
536 996 645 1076 credo,
660 995 737 1060 MS.
753 994 894 1080 lllarfolc.
910 1007 943 1059 et
957 994 990 1057 in
1005 992 1099 1058 Bodl.

57 1088 366 1254 uuam
379 1079 1099 1251 intranssiricarius:

58 1257 120 1334 ζετο
135 1257 211 1336 μετὰ
223 1253 271 1318 uari
287 1259 435 1317 Ποντικοῦ.

103 1339 139 1403 Ρ.
153 1349 224 1414 ²⁸7·
247 1337 270 1401 l.
284 1351 314 1401 3.
335 1337 477 1424 τοῦχατον
502 1337 653 1421 ἔτόθησαν]
680 1334 807 1400 Eodem
831 1335 928 1401 verbo
954 1333 1101 1420 superius

58 1420 111 1487 usi
124 1435 203 1488 sunt
216 1421 463 1508 Lugdunenses,
472 1422 530 1487 ubi
544 1420 585 1486 de
601 1422 732 1499 Sancto,
746 1422 881 1485 Maturo
895 1434 928 1484 et
943 1416 1103 1484 Blandina

58 1507 248 1594 loquuntur.
282 1506 335 1572 Ac
356 1508 491 1572 Rufinus
512 1505 643 1593 quidem
664 1505 823 1570 hocloco
845 1505 938 1570 vertit
951 1501 1102 1589 jugulati

59 1602 144 1656 suut.
177 1591 351 1657 Musculus
365 1591 440 1657 caesi
453 1602 536 1656 sunt.
573 1589 888 1676 christophorsonus
899 1586 1102 1676 gladioferi·

59 1687 167 1742 untur.
220 1676 328 1741 Rufini
349 1676 526 1741 versionem
548 1675 716 1739 confirmat
740 1673 929 1738 Tertulliani
951 1675 1043 1738 locus
1067 1672 1102 1736 in

58 1761 172 1848 Apolo
231 1761 282 1827 ’eo
299 1782 370 1849 cap.
382 1776 432 1826 30.
450 1761 502 1826 Sic
517 1760 625 1847 itaque
638 1782 693 1824 nos
706 1759 748 1824 ad
762 1760 867 1823 Deum
879 1773 1030 1844 expansos
1044 1779 1103 1822 un·

57 1845 151 1933 gulae
180 1846 299 1925 odiant,
314 1868 416 1911 cruces
430 1844 629 1933 suspendunt,
643 1846 731 1931 ignes
744 1843 896 1923 lambant,
933 1842 1013 1909 ludii
1072 1852 1103 1906 t-

60 1941 136 1996 tura
155 1931 347 1997 dermursur.
390 1934 465 2019 Ego
478 1951 554 1996 vero
567 1929 679 1994 malim
701 1943 822 1994 vertere
840 1929 898 2016 gla
921 1928 948 1992 io
971 1865 1105 2014 corffinsi

59 2027 145 2081 sust.
177 2017 256 2081 Mos
269 2015 356 2081 enim
370 2029 448 2095 erat,
464 2028 502 2081 ut
514 2015 656 2080 bestiarii
670 2036 689 2078 a
704 2014 889 2080 confectore
904 2013 1103 2079 trucidaren-

59 2110 125 2181 tur,
182 2101 413 2166 emadmodum
429 2100 536 2167 notavi
550 2120 649 2199 supra
662 2098 704 2163 ad
716 2098 906 2198 martyrium
923 2098 1104 2187 Polycarpi.

59 2122 222 2251 aurailus
244 2186 278 2250 in
298 2186 383 2251 libro
406 2186 446 2250 de
467 2186 662 2270 martyribus
689 2185 866 2248 Palaestrnae
890 2203 961 2268 cap.
987 2199 1035 2247 ιι.
1063 2181 1105 2247 de

60 2268 232 2335 Hadriano
247 2290 316 2334 mar
355 2292 389 2335 re
408 2271 554 2357 loquens,
570 2269 627 2355 qui
647 2267 688 2332 ad
709 2268 829 2333 bestias
849 2266 1019 2333 damnatus
1034 2267 1106 2332 fue-

57 2366 123 2434 rat,
139 2354 227 2421 λεόπε
242 2283 450 2441 arcadius-iel„
466 2353 513 2433 uu)
524 2358 599 2436 μετὰ
612 2360 707 2417 τοῦτον
728 2353 798 2436 ξίφει
820 2354 1028 2438 κατασφαγεὶς,
1043 2355 1105 2416 ὅτε·
1236 2348 1251 2357 ’

58 2439 174 2518 λύθη.
190 2452 224 2503 et
236 2441 334 2529 paulo
347 2455 423 2526 post
436 2439 476 2503 de
491 2438 622 2503 Eubulo
635 2438 777 2503 scribens
789 2459 898 2502 comm
920 2505 922 2509 ,
973 2459 1019 2518 re,
1030 2439 1107 2520 uerri

59 2523 112 2599 raia
153 2530 168 2545 ⁹
205 2552 218 2599 ς
240 2522 337 2607 ὁμοίως
355 2529 396 2610 τῷ
415 2523 538 2634 προτέβῳ
556 2529 636 2606 θῦμα
653 2523 804 2610 γενόμενος.
835 2524 885 2594 Ex
899 2523 955 2609 qui
977 2545 1016 2587 ue
1035 2543 1105 2593 ver·

59 2608 234 2696 hispane
253 2609 433 2688 conficitur,
457 2613 594 2687 ἐτυθησεν
615 2607 701 2672 idem
723 2607 903 2708 essequod
929 2608 1105 2699 καῖεσφᾷγε-

60 2710 127 2757 σεε.
172 2694 226 2758 Sic
239 2693 273 2757 in
287 2693 381 2757 Actis
402 2693 561 2758 Passionis
581 2693 729 2771 Tarachi,
745 2693 841 2757 Prob'r
856 2704 890 2757 et
903 2691 1082 2763 Andronici
1096 2716 1106 2758 r

59 2778 317 2842 -Maaimus
337 2791 442 2843 autem
461 2779 512 2843 ira
531 2777 668 2863 repletus
681 2777 803 2842 uocauit
819 2777 1039 2842 Terentianum
1054 2799 1106 2841 sa·
1220 2850 1223 2855 ,

48 2861 227 2941 'cerdotem
254 2875 286 2928 et
304 2863 405 2948 jussit
427 2861 621 2949 gladiatores
646 2862 811 2942 introduci,
836 2873 872 2926 ut
897 2874 1018 2927 sanctos
1043 2860 1107 2927 Dei

60 2957 218 3035 martyres
233 2946 450 3046 interficerent.
488 2947 605 3014 Statim
624 2959 817 3046 praeceptum
831 2947 975 3012 Maximi
995 2946 1117 3032 imple·-

63 3043 135 3096 tum
148 3042 205 3096 est.
244 3033 426 3118 Consumpta
441 3044 546 3098 autem
557 3043 632 3098 sunt
643 3031 763 3120 gladio.
800 3034 851 3096 Ita
871 3033 974 3097 codex
993 3053 1108 3096 manu·

61 3116 175 3202 script.
212 3138 285 3181 uem
301 3117 375 3182 vidi.
413 3119 499 3183 Acta
513 3136 587 3183 vero
601 3116 718 3182 Graeea
739 3117 791 3183 sic
806 3117 944 3181 habent:
969 3116 1041 3180 Tire
1063 3114 1108 3180 siu
1197 3158 1209 3185 .

61 3206 201 3286 byssum
231 3228 263 3276 ας
287 3206 300 3264 i
321 3203 467 3286 Μάξιμος,
488 3203 536 3266 ual
556 3203 604 3266 riu
623 3204 798 3290 Tcgsrrrarir
822 3201 1029 3282 αἰτιασάμενος,
1044 3199 1107 3264 ἔπε’-

62 3301 149 3350 λευσε
163 3311 261 3372 naxus
280 3287 378 3374 οφᾶςες
390 3292 466 3362 τινὰς
479 3294 533 3350 τῶν
547 3285 696 3373 λουδαςίων
714 3290 858 3366 εἰσελθεῖν,
874 3286 921 3350 uui
937 3284 1108 3367 κατασφάτ-

62 3394 120 3435 τειν
139 3372 201 3445 τοὺς
263 3312 317 3446 irus
336 3375 362 3434 ir
375 3376 416 3457 τῷ
434 3371 556 3459 θεάτρῳ.
593 3369 730 3454 (Confer
744 3372 889 3435 Ruinart.
904 3369 989 3434 Acta
1000 3370 1107 3434 Mart.

62 3475 98 3540 p.
113 3458 200 3537 446.)
221 3396 282 3520 ait
304 3456 337 3519 in
362 3456 510 3520 Passione
534 3455 592 3519 SS.
621 3457 788 3542 Perpetua
811 3467 844 3520 et
868 3454 1042 3520 Felicitatis
1064 3455 1110 3519 lta

64 3539 307 3626 scriptumest:
331 3539 459 3604 Exinde
473 3539 548 3623 jam
567 3539 719 3606 exanimis
738 3539 948 3626 prosternitur
962 3561 1031 3603 cum
1045 3562 1109 3605 coe·

65 3623 145 3688 teris
166 3624 209 3688 ad
220 3624 455 3713 jugulationem
476 3624 565 3688 solito
589 3623 662 3688 loco.
698 3628 742 3690 Et
755 3625 852 3712 paulo
867 3638 963 3711 post:
993 3623 1110 3703 Coetsri

111 3707 195 3773 idem
232 3709 403 3773 inuuoliies
436 3719 467 3774 et
499 3729 568 3773 cum
602 3708 725 3774 silentio
753 3710 884 3796 serrum
919 3719 1109 3794 receperunt.

64 3730 226 3878 iuer-pem
246 3816 318 3859 uero
338 3792 519 3880 utaliquid
537 3791 652 3858 doloris
671 3805 827 3880 gustaret,
841 3794 923 3859 inter
941 3817 1009 3869 ossa
1029 3816 1110 3858 com·

62 3889 186 3964 puncta
201 3877 344 3977 sejulanit,
358 3890 389 3943 et
411 3888 566 3942 errantem
579 3879 740 3943 dexteram
755 3878 904 3957 tirunculi
921 3878 1112 3966 gladiatoris

67 3963 139 4053 ipsa
153 3963 188 4027 in
193 3961 347 4050 Jugulum
360 3984 451 4028 suum
469 3962 643 4028 transtulit.
664 3965 874 4030 Vesanus.
918 3970 921 3977 '

113 4046 199 4112 lbid.
214 4047 237 4112 l.
249 4063 280 4112 5.
302 4047 514 4134 uurri'uupiiuu
534 4051 692 4129 ὁμιλοῦντος
711 4054 751 4134 τῷ
772 4051 853 4137 Θεῷ]
871 4049 1004 4114 Rufinus
1023 4048 1111 4128 hunc

67 4132 181 4198 locum
203 4131 306 4230 longa
325 4133 515 4199 circuitione
537 4132 707 4198 verborum
732 4135 881 4220 exposuit
904 4134 968 4213 boc
991 4132 1111 4212 modos
1232 4182 1234 4187 -

67 4210 163 4287 Intra
179 4231 313 4317 saprum
323 4233 445 4307 'semper
457 4239 527 4285 cum
542 4218 622 4370 Deo2
626 4216 779 4305 loquente,
792 4230 823 4286 et
838 4210 872 4284 iu
886 4217 1029 4284 laudibus
1047 4217 1113 4317 ejrts

567 4323 591 4369 r
