2716 4748
166 315 234 401 με
502 312 865 384 muomnoms
948 396 952 411 ι

167 504 243 552 narn
263 483 389 551 circiter
407 484 463 551 illu
482 466 630 575 tenipora
648 486 791 555 extitisse
810 486 1073 568 controversiam,
1093 492 1206 570 camir

166 573 289 655 ζήτησιν,
301 594 397 660 super
410 571 470 638 hac
485 596 537 653 re;
561 575 738 662 Irenaeique
752 576 964 641 narrationem
979 597 1115 640 mecum
1124 597 1203 639 ¹con·

165 658 376 738 siderassem
399 658 486 724 haud
500 660 653 740 dubitavi,
668 662 744 748 quin
764 684 841 727 cum
859 662 902 727 ob
920 661 995 739 alia,
1012 674 1087 726 tum
1107 681 1203 810 prop·

164 756 215 810 ter
228 745 439 832 questionem
451 745 492 810 de
506 747 726 812 observatione
740 754 787 826 τῆς
799 773 872 812 reor
906 746 1097 825 ακαιδεκάτης
1138 747 1206 834 oly-

164 852 280 918 carpus
299 832 434 896 Romam
448 832 572 897 adierit.
612 834 761 899 Profecto
775 832 856 899 dum
874 834 886 897 i
909 834 920 898 i
937 833 1096 898 manebat
1111 833 1202 919 Poly·

164 938 292 1017 carpus,
314 917 429 982 multos
448 916 486 981 ab
507 916 650 982 boeretico
672 942 772 984 errore
793 919 937 999 correxit,
956 932 995 984 ut
1016 917 1121 983 tradit
1138 919 1202 982 Eu.

163 1003 273 1068 sebms
294 1004 414 1069 tamin
437 1003 583 1069 Chronico
606 1027 704 1092 quam
723 1006 756 1070 in
776 1006 932 1085 Historia,
953 1017 1035 1070 teste
1056 1002 1201 1091 ejusdem

163 1089 211 1156 rei
227 1090 349 1155 Irenaeo
364 1112 493 1178 quoque
506 1090 564 1155 lib.
577 1090 621 1155 iii.
637 1113 707 1177 cap.
718 1105 749 1156 3.
764 1093 794 1175 §.
807 1105 837 1156 4.
853 1091 908 1179 qui
925 1091 988 1156 hoc
1003 1089 1150 1154 notabile
1162 1087 1200 1154 de

163 1174 232 1239 viro
246 1191 357 1241 sancto
372 1177 489 1264 adjecit
494 1200 504 1254 ;
519 1199 615 1242 anem
626 1188 657 1241 et
670 1176 768 1242 solem
782 1176 861 1242 hanc
874 1176 1038 1242 veritatem
1053 1173 1199 1239 amanti·

163 1281 221 1323 ons
245 1261 284 1324 at
306 1262 452 1347 apostolis
472 1262 641 1348 percepisse
661 1285 704 1343 se,
749 1285 822 1328 uam
849 1274 880 1328 et
905 1261 1032 1327 ecclesio
1057 1258 1199 1326 tradidit.

162 1346 279 1411 Statim
303 1362 378 1436 poet
400 1354 437 1424 εἰς
462 1352 572 1424 ἑαυτοὺς
592 1349 693 1414 MSS.
714 1287 808 1414 liudi.
827 1362 861 1415 et
883 1346 1022 1434 Nmfolc.
1046 1368 1110 1433 pro
1130 1347 1198 1433 arpis

160 1432 273 1508 inertie.

207 1519 243 1584 Ρ.
261 1534 331 1599 393.
353 1521 376 1585 l.
390 1535 420 1586 2.
449 1522 508 1604 as]
523 1521 626 1586 Abest
640 1543 660 1585 a
674 1521 752 1588 Ms.
768 1519 910 1608 Norfolc.
947 1517 1012 1584 Sed
1028 1515 1198 1606 conjungit

160 1624 240 1669 cum
254 1607 454 1673 antecedent.
474 1607 616 1695 RrrJinor.

206 1689 290 1757 lbid.
312 1695 377 1778 μὴν]
395 1693 427 1757 Α
443 1693 572 1779 biceplr.
587 1693 688 1757 abest.
705 1693 874 1758 Sanoru.
907 1691 1001 1769 Mox,
1016 1703 1152 1754 notante
1167 1688 1198 1755 id

158 1775 286 1842 Joanne
309 1781 357 1843 La
380 1780 521 1844 Placette
542 1780 608 1845 viro
630 1779 762 1843 doctiss.
786 1778 909 1842 Olscrv.
929 1774 1196 1840 Helorion-Eccl.

160 1881 195 1947 p.
206 1876 256 1926 84.
271 1865 401 1928 verbum
417 1866 516 1943 ἔπεισε,
528 1865 692 1952 pererrent,
708 1865 815 1933 minus
828 1875 915 1927 recte
929 1861 1037 1926 reddit
1051 1862 1197 1926 Valesius

156 1949 343 2031 persumere
358 1962 484 2016 conotus
497 1962 553 2015 est.
598 1950 729 2016 Rectius
743 1950 842 2014 habet
855 1963 945 2013 vetus
959 1948 1119 2034 interpres
1134 1948 1197 2011 Ru-

160 2031 253 2182 {pcus
267 2057 366 2122 neque
385 2037 466 2101 enim
485 2047 541 2101 out
553 2036 704 2101 Anicetus
724 2035 894 2123 Polycarpo
916 2033 1045 2098 madere
1061 2042 1196 2119 poterut,

204 2202 288 2270 Ibid.
303 2205 326 2269 l.
339 2218 370 2271 4.
380 2286 383 2291 Ι
393 2207 444 2294 πρὸ
458 2208 544 2292 ariri]
559 2209 609 2294 api
625 2214 699 2288 ἡμῶν
714 2206 847 2290 Niceplt.
869 2205 1040 2269 STROTH.
1079 2203 1195 2269 Statim

158 2305 235 2374 post
248 2290 373 2378 additi&
389 2300 481 2369 ταῦτα
496 2311 569 2358 ante
584 2294 696 2376 ὀφείλειν
710 2293 788 2358 MS.
803 2289 942 2376 Norfolc.
959 2288 1014 2353 sed
1029 2289 1161 2354 frustra.

204 2376 285 2439 lbid.
302 2377 324 2440 l.
339 2386 369 2441 6.
391 2379 595 2464 παρεχώρησεν
619 2386 631 2441 o'
654 2378 795 2455 Ἀνίκητος
818 2381 866 2454 τὴν
891 2375 1066 2461 εὐχαριςίαν]
1098 2377 1195 2438 Hunc

158 2460 317 2525 honorem
343 2465 498 2529 Anicetus
526 2466 668 2550 pontifex
696 2466 857 2527 Romanus
885 2461 997 2524 habuit
1024 2461 1195 2524 venerabili

153 2549 226 2611 seni
244 2549 432 2635 Polycarpo‚
445 2565 482 2614 ut
495 2551 586 2615 illum
601 2551 633 2614 in
647 2549 782 2614 ecclesia
796 2569 884 2612 sacra
899 2548 1003 2609 facere
1017 2546 1150 2627 sineret,
1165 2560 1195 2611 et

156 2633 290 2719 quidem
312 2649 468 2721 praesente
487 2659 532 2715 se,
547 2636 635 2723 quod
654 2637 687 2699 in
709 2636 818 2721 primis
840 2633 1016 2697 notandum
1037 2645 1114 2695 est.'
1144 2632 1194 2696 Sic

157 2720 273 2784 lrenaei
295 2723 389 2785 verba
409 2735 442 2786 et
462 2725 593 2786 Rufinus
614 2734 646 2785 et
665 2722 761 2785 ceteri
780 2722 966 2804 interpretes
987 2731 1192 2802 acceperunt.

155 2805 220 2868 Sed
237 2808 421 2871 Franciscus
444 2809 576 2875 Florens
595 2821 775 2873 antecessor
790 2804 1039 2881 Aurelianensis
1054 2804 1103 2866 vir
1119 2803 1193 2866 doc-

155 2900 220 2968 tus,
236 2905 268 2954 et
285 2893 375 2955 nobis
391 2893 467 2957 dum
483 2895 559 2958 vixit
574 2894 797 2969 amicissimus,
811 2892 880 2954 haec
897 2890 1009 2953 irenaei
1024 2890 1122 2952 verba
1135 2889 1192 2952 ali-

156 2985 206 3039 ter
227 2976 436 3062 intelligenda
457 3002 526 3043 esse
547 2979 712 3043 contendit
734 2979 766 3040 in
788 2991 926 3040 tractatu
945 2975 985 3038 ad
999 2974 1149 3038 Titulum
1164 2990 1192 3049 7.

154 3060 373 3126 Decretulium
397 3065 436 3127 de
458 3067 661 3129 translatione
679 3063 832 3148 episcopi.
870 3061 951 3125 Vult
968 3061 1053 3122 enirn
1073 3061 1192 3123 Anice-

155 3159 225 3211 tum
243 3150 418 3232 porrexisse
432 3150 586 3214 duntaxat
603 3149 828 3214 eucharistiam
850 3147 1038 3233 PolycarpO,
1053 3169 1120 3209 non
1137 3168 1189 3208 au·

155 3245 221 3296 tem
238 3236 431 3298 concessisse
447 3237 492 3299 illi
502 3237 557 3323 jus
572 3258 661 3300 sacra
675 3234 827 3321 mysteria
840 3232 1033 3295 celebrandi.
1066 3233 1189 3295 Verum

156 3317 183 3381 si
198 3319 283 3382 hunc
300 3323 411 3383 irenaei
427 3323 534 3385 locum
550 3324 595 3385 ita
608 3321 829 3405 intelligimus,
845 3318 923 3403 quid
941 3318 1074 3380 honoris
1091 3317 1190 3380 tribu·

155 3415 226 3467 tum
242 3406 337 3468 fuerit
353 3408 529 3493 Polycarpo
542 3409 582 3470 ab
595 3408 755 3471 Aniceto?
780 3407 855 3468 Hoc
870 3405 954 3466 enim
969 3403 1086 3465 diserte
1104 3413 1191 3465 notat

154 3489 306 3568 IrenaeuS,
324 3504 392 3554 tum
408 3492 464 3556 illo
478 3494 574 3556 verbo
589 3492 783 3578 παρεχώρησε,
797 3490 884 3576 quod
900 3489 939 3551 de
954 3511 1012 3550 suo
1023 3488 1100 3574 jure
1115 3510 1190 3551 eon-

154 3574 269 3638 cedere
288 3577 466 3661 signifieat3
490 3595 558 3642 tum
582 3578 644 3642 illis
665 3578 767 3640 verbis
783 3599 855 3660 quae
874 3574 973 3652 addit,
988 3578 1052 3635 κατ’
1067 3577 1189 3659 ἐντροπὴν

155 3661 286 3737 δηλονότι.
322 3663 361 3726 ld
376 3679 435 3742 est,
450 3664 580 3727 honoris
594 3685 690 3726 causa
704 3674 736 3724 et
751 3660 1031 3744 contemplatione,
1046 3672 1085 3721 ut
1099 3659 1190 3722 uertit

154 3745 298 3810 Rufinus.
334 3748 430 3812 Certe
446 3751 470 3812 si
488 3748 713 3813 eucharistiam
727 3761 853 3812 tanturn
867 3748 1044 3833 l’olycarpo
1057 3765 1188 3827 porrex-

152 3831 230 3898 isset
243 3834 410 3912 Anicetus,
426 3836 549 3899 nollum
565 3835 594 3897 ei
610 3835 806 3919 praecipuunr
823 3833 976 3895 honorem
1001 3830 1170 3892 detulisset
1179 3852 1189 3905 ;

153 3940 228 3984 cum
245 3921 394 3983 omnibus
410 3920 583 4006 peregrinis
595 3920 753 4005 episcopis
768 3919 799 3981 id
815 3916 932 4002 passim
949 3915 1046 3978 tribui
1061 3916 1188 3991 soleret,

152 4018 191 4068 ut
206 4027 281 4068 cum
297 4007 448 4092 episcopo
463 4007 597 4070 civitatis
617 4005 713 4069 simul
731 4003 1017 4075 communicarent,
1032 3999 1190 4086 quemad-

152 4090 287 4154 modum
310 4093 420 4156 scribit
440 4093 509 4177 ipse
532 4092 662 4155 Florcns
685 4089 814 4152 ibidem.
861 4087 923 4151 Sed
946 4101 979 4149 et
999 4087 1032 4149 in
1051 4085 1189 4150 concilio

152 4176 332 4241 Arelatensi
346 4179 450 4264 capite
464 4193 513 4240 20.
530 4177 694 4241 decretum
714 4190 773 4254 est,
789 4187 826 4238 ut
845 4172 1013 4258 peregrino
1036 4173 1190 4256 episcopo

151 4259 244 4329 locus
253 4264 455 4335 sacrificandi
469 4263 573 4330 detur.
595 4265 803 4341 Vuussrus.
846 4259 950 4341 idem,
968 4257 1058 4350 quod
1081 4257 1192 4323 decre
