2716 4748
170 310 239 387 ,ω
430 298 443 305 ··
505 296 921 371 moestuosos

170 469 318 537 adures
330 466 498 537 Dauom
516 481 648 552 statuta,
726 483 776 539 tos
792 496 833 539 aa·
849 471 1057 542 invisibilibus
1070 473 1203 545 leitilai

170 556 328 636 Maias,
343 576 468 620 coronas
479 555 610 645 dmiqae
677 568 862 659 perpensam
878 560 1079 646 posteritatis
1090 580 1201 628 mo-

167 640 254 711 rium
261 641 481 792 §l‘i‘liffltnmf
506 645 603 709 Porro
610 644 836 817 amm
850 647 1129 799 qggrii‘dimffi
1140 647 1203 801 hep:

193 750 245 793 uae
283 750 635 795 metensomatosis
938 754 1047 799 mooe
1125 781 1133 799 .

212 836 230 878 c
244 814 318 879 dua
327 831 401 900 proe
413 813 521 879 ceteris
540 812 675 903 insigues
691 777 939 904 praeteritosque
949 817 1079 884 orbim
1091 828 1201 885 matra

168 899 372 979 celebrantur,
387 899 576 989 Lugdunum
589 922 627 965 aa
643 900 676 965 V
673 901 785 968 aanor
805 924 938 991 quarum
951 912 1126 997 utramque
1133 918 1200 991 pso·

166 997 253 1051 meat
274 984 450 1064 Rhodanus,
470 983 645 1051 uniuersam
669 1011 704 1053 re
726 986 825 1053 ionem
847 988 1007 1075 memphi
1027 1012 1124 1057 ausa
1141 989 1197 1055 tir»

168 1071 346 1155 confluens.
372 1072 394 1136 I
413 1070 477 1135 itur
489 1071 690 1137 nobilissima
738 1096 807 1138 mm
821 1072 954 1139 laeuum
967 1074 1110 1143 roclena
1122 1096 1197 1141 σωκ-

163 1158 355 1223 mestorium
367 1094 411 1221 dg
416 1155 559 1242 passione
570 1169 747 1246 martyrum
759 1180 884 1224 morum
896 1157 939 1225 od
952 1160 1102 1227 aerledus
1114 1160 1199 1227 Arta

166 1243 235 1311 Phr
255 1242 382 1331 gioeque
405 1241 565 1323 manant,
587 1265 625 1308 ea
649 1266 730 1344 quta·
746 1245 829 1330 opud
853 1268 886 1311 se
905 1257 997 1333 gesta
1020 1258 1128 1328 aaut,
1147 1246 1198 1311 lor

164 1351 215 1395 mo
269 1336 545 1394 commorantes.
588 1330 661 1429 Ipsa
680 1352 762 1395 cutm
782 1330 873 1395 vata
892 1349 954 1396 aon
972 1330 1133 1419 gravabor
1144 1346 1199 1419 ap·

161 1414 460 1567 ponaegaesgltlollvl
488 1414 610 1481 Christi
632 1416 688 1504 qui
714 1416 800 1505 apud
820 1416 981 1483 Viennam
1001 1430 1037 1482 et
1062 1416 1198 1507 Lugdu-

162 1524 243 1569 uum
324 1548 330 1562 .
395 1546 405 1565 .
1069 1540 1073 1549 .

210 1548 326 1665 u'aa.
341 1585 363 1651 1.
376 1593 407 1651 s.
428 1590 468 1653 or
488 1589 516 1651 o
536 1585 629 1674 uror,
650 1586 698 1649 zu
719 1585 881 1674 uano,
900 1587 1127 1675 sescuplex
1146 1582 1198 1653 nte·

162 1673 302 1763 questio
318 1673 431 1738 oritur.
476 1671 592 1752 Prima,
605 1693 665 1737 cur
684 1671 754 1737 hec
775 1672 911 1759 epistole
931 1674 1054 1761 scripta
1066 1673 1110 1739 sit
1121 1692 1198 1739 oon·

158 1758 301 1849 junctim
315 1780 334 1824 o
348 1757 473 1824 duabus
486 1757 640 1835 ecelesiis,
652 1756 827 1823 Viennensi
839 1780 877 1823 oc
891 1759 1116 1846 Lugdunenoi.
1136 1758 1195 1824 nt

160 1852 244 1924 tera,
257 1866 316 1909 cur
329 1843 416 1908 Galli
430 1845 544 1910 Graece
558 1843 698 1909 scribant
710 1842 753 1908 ad
767 1843 916 1909 ecclesias
929 1844 1018 1910 Asin
1035 1856 1073 1911 et
1094 1844 1196 1933 Phry·

160 1929 239 2019 giae,
254 1928 343 1995 etad
357 1929 569 1995 Eleutherum
582 1931 737 1994 Romonae
751 1929 839 1994 urbis
852 1929 1053 2022 episcopum.
1150 1929 1196 1997 od

159 2015 205 2081 nd
218 2015 355 2103 primam
368 2015 494 2095 attinet,
509 2015 574 2080 hoc
591 2013 712 2079 idcirco
725 2015 848 2080 foetum
864 2014 1024 2096 existimo,
1040 2038 1064 2104 q
1129 2036 1195 2080 eo·

159 2101 268 2167 clesire
280 2100 509 2166 Viennensium
528 2122 566 2165 ac
583 2099 861 2186 Lugdunensium,
875 2122 940 2165 non
954 2101 1057 2167 modo
1070 2101 1137 2167 loci
1148 2101 1195 2167 vi·

159 2187 303 2267 ciuitate,
317 2185 374 2252 sed
391 2186 487 2252 etiam
506 2185 611 2252 mutui
625 2186 743 2251 amoris
756 2184 882 2250 tinctile
896 2187 1081 2274 conjunctae
1094 2198 1194 2253 mun

79 2316 86 2339 .
157 2270 206 2341 Et
217 2292 290 2339 cum
306 2272 467 2338 incudem
481 2270 702 2359 perseeutione
718 2271 816 2336 simul
834 2271 1061 2352 decertassent,
1074 2272 1195 2359 epino-

114 2386 117 2391 ·
160 2358 226 2425 lam
242 2359 283 2424 de
298 2358 364 2434 suis
377 2358 572 2447 martyribus
593 2357 689 2422 simul
713 2369 746 2421 et
767 2356 962 2444 conjunctim
987 2359 1049 2422 scri
1074 2370 1195 2424 serunt.

160 2444 288 2512 Adhaec
301 2459 436 2533 utraque
451 2443 612 2530 provincia
623 2444 684 2507 sub
695 2442 790 2508 unius
802 2443 946 2507 Praesidis
956 2444 1040 2530 juris
1066 2445 1195 2524 ictione,

159 2544 237 2598 tunc
253 2531 382 2618 quidem
398 2530 550 2617 temporis
568 2528 692 2594 videtur
705 2528 823 2607 luisse;
852 2541 887 2594 ut
901 2551 940 2592 ex
954 2551 994 2593 eo
1008 2529 1193 2616 conjicitur,

159 2618 249 2705 quod
261 2631 326 2681 tam
337 2616 533 2681 Viennenses
545 2637 642 2703 quam
655 2614 899 2700 Lugdunenses,
909 2616 952 2679 ob
962 2616 1060 2680 fidem
1071 2615 1193 2680 Christi

157 2723 180 2767 e
200 2702 336 2768 Praeside
356 2701 576 2787 comprehensi
598 2715 631 2765 et
652 2699 793 2764 damnati
814 2722 884 2765 esse
906 2701 1058 2766 dicuntur
1077 2701 1112 2766 in
1132 2700 1192 2765 hac

158 2789 303 2871 epistola.
348 2789 411 2850 Hae
430 2787 530 2872 igitur
548 2808 653 2850 causae
674 2798 758 2865 sunt,
774 2806 832 2851 cur
844 2787 1042 2873 conjunctim
1060 2787 1192 2873 scripoej-

157 2872 223 2939 rint
233 2875 429 2938 Viennenses
442 2886 475 2936 et
488 2872 732 2957 Lugdunenses.
754 2873 840 2935 Nam
851 2872 939 2957 quod
952 2871 1106 2958 suspicati
1118 2884 1193 2936 sunt

183 2957 301 3035 uidam,
317 2979 416 3021 unum
433 2971 510 3021 tunc
524 2957 621 3020 fuisse
637 2957 824 3043 episcopum
839 2958 972 3022 Viennae
986 2973 1085 3045 atque
1099 2959 1191 3058 Lug·

156 2980 246 3123 duni,
261 3043 294 3107 id
314 3064 353 3107 ex
372 3042 433 3106 hac
453 3043 521 3127 ipsa
543 3043 677 3128 epistola
694 3043 787 3106 facile
806 3043 972 3120 refellitur,
987 3067 1061 3130 quae
1079 3042 1190 3108 Potiu·

155 3147 235 3196 num
254 3129 440 3216 episcopum
461 3128 615 3215 Lugduni
635 3128 735 3193 fuisse
755 3128 844 3202 dicit,
863 3151 927 3192 non
947 3129 1025 3193 item
1041 3129 1189 3195 Vieunte.

157 3217 257 3282 Porro
282 3215 513 3301 Lugdunenses
537 3214 667 3278 honoris
693 3235 789 3296 causa
809 3215 1041 3278 Viennensium
1069 3236 1188 3279 nomeu

156 3315 358 3387 praeponunt,
374 3323 448 3364 cum
464 3314 572 3364 tamen
593 3299 653 3385 ipsi
676 3299 910 3386 Lugdunenses
927 3299 1096 3385 epistolam
1113 3300 1189 3365 sori·

151 3387 234 3452 'bant
246 3387 287 3450 de
300 3386 338 3450 iis
352 3410 423 3473 quae
440 3381 595 3473 Lugduni
608 3397 700 3470 gesta
713 3387 853 3448 merant·
877 3381 1041 3450 Vetustati
1056 3406 1188 3473 quoque

153 3484 188 3536 et
201 3470 360 3537 nobilitati
376 3471 520 3536 Coloniae
535 3471 765 3535 Viennensium
779 3469 811 3534 id
827 3471 984 3534 tributum
999 3471 1100 3535 videri
1114 3484 1187 3570 pot·

154 3569 215 3622 est.
242 3556 341 3706 quod
355 3580 428 3622 vero
444 3557 483 3621 ad
498 3556 670 3620 secundam
687 3556 897 3642 quaestionem
911 3556 1025 3620 attinet
1034 3579 1044 3635 3
1065 3578 1106 3620 ex
1119 3576 1188 3643 ipsa

153 3642 258 3728 episto
272 3665 290 3706 a
305 3642 457 3708 discimus
492 3642 624 3706 lurimos
639 3642 736 3705 finisse
749 3644 881 3706 Graecos
896 3641 928 3705 in
943 3640 1080 3706 ecclesia
1093 3643 1187 3728 Lug·

154 3727 301 3806 dunensi,
315 3664 497 3814 cujusmodi
512 3729 572 3791 fuit
585 3727 717 3791 Attalus
736 3741 768 3791 et
785 3727 966 3791 Alexander
981 3727 1025 3790 Ph
1068 3748 1142 3813 ges,
1156 3741 1188 3792 et

152 3813 336 3880 Alcibiades
351 3814 504 3878 oriundus
517 3814 595 3877 item
609 3834 648 3876 ex
664 3813 813 3901 Phrygia,
830 3824 866 3876 ut
880 3812 994 3897 opinor
1009 3836 1016 3874 ε
1062 3834 1187 3876 renaeus

152 3920 283 3988 quoque
304 3898 456 3964 oriundus
477 3914 545 3963 erat
569 3920 608 3963 ex
629 3898 718 3976 Asia,
741 3913 775 3962 et
799 3897 1010 3984 Polycarpum
1038 3897 1185 3985 Smyrna

152 3986 297 4053 audierat
316 4007 380 4048 una
400 4007 475 4050 cum
498 3984 625 4049 Florino
646 3983 822 4049 admodum
845 4003 935 4068 puer,
949 3998 987 4046 ut
1001 3983 1071 4069 ipse
1085 3996 1186 4048 testa·

152 4084 216 4138 tur.
261 4069 386 4136 Pothini
400 4092 528 4157 quoque
541 4071 682 4155 episcopi
696 4069 744 4134 vel
763 4090 880 4133 nomen
900 4069 1016 4153 ipsum,
1033 4069 1183 4133 Graecam

150 4157 309 4258 originem
332 4155 490 4244 designat.
542 4155 677 4219 Proinde
699 4177 764 4219 non
785 4155 901 4218 mirum
925 4166 985 4233 est,
1010 4154 1037 4217 si
1063 4155 1120 4242 qui
1144 4174 1184 4220 ex

150 4241 231 4317 ton
242 4245 277 4311 in
291 4242 412 4311 Gallias
425 4256 584 4322 venerant,
596 4241 747 4310 frutribus
767 4241 833 4308 suis
852 4240 885 4306 in
899 4239 980 4308 Asia
998 4240 1183 4309 concitatis
