2716 4748
217 234 220 239 ’
289 216 536 381 ‘suuronns
556 278 684 347 Arno
711 269 952 362 mennon.
1104 298 1149 368 ῃ

56 527 59 530 .
114 472 221 518 omnes
237 449 370 539 ¹condem
391 473 492 518 escam
510 450 684 540 spiritaiem
706 450 1153 532 numerumnunerum

114 562 257 628 eumdum
266 574 378 648 potum
392 561 567 648 spiritaiem
582 560 743 628 biberunt.-
766 561 908 656 dibebant
918 573 1025 628 cutem
1038 561 1077 628 dc
1088 563 1153 650 spi·

112 668 208 739 rituli
233 683 433 761 consequente
457 696 507 738 eos
526 683 619 758 petra
629 696 643 753 ,0
664 682 758 757 petro
782 682 887 737 nutem
908 682 975 736 erat
1000 672 1153 739 Christus.

116 781 180 848 Sed
191 786 254 847 n'on
267 782 306 847 in
313 782 458 868 pluribus
470 804 574 848 eorum
590 781 663 846 dene
676 780 772 846 sensit
786 781 897 862 Dcus3
914 782 1068 866 prostrati
1080 792 1154 847 sunt

82 893 197 957 senior
211 892 245 957 in
259 892 387 958 desero
418 894 503 958 Haec
517 893 552 958 in
560 892 706 981 figurem
718 891 971 978 nostrifirerunt,
984 905 1020 957 ut
1033 915 1094 958 non
1108 893 1153 958 si-

112 1023 184 1068 mus
195 1002 438 1090 concupiscentes
448 1001 613 1084 malonem,
622 1002 879 1091 quenadmodum
889 1014 921 1068 et
932 1000 982 1066 illi
997 1002 1155 1090 concupie-

112 1121 190 1176 runt
195 1135 209 1192 ,³
222 1134 320 1200 neque
334 1111 511 1192 idololatrae
521 1111 602 1193 sitis,
618 1112 874 1201 quemadmodum
889 1112 1018 1200 quidam
1031 1134 1155 1194 eorum3
1235 1140 1239 1147 ·

112 1219 194 1286 sicru
208 1221 358 1309 scriptum
379 1234 449 1288 est.-
473 1221 561 1288 setis
578 1221 713 1309 populus
733 1222 920 1289 munducare
942 1233 972 1289 et
997 1222 1107 1303 didere,
1122 1232 1154 1287 et
1220 1294 1225 1301 ,

112 1343 314 1396 surrexerunt
340 1331 455 1398 ludere.
494 1333 603 1420 Neque
620 1331 828 1420 fornicemur,
852 1332 937 1396 sicru‘
957 1331 1086 1419 quidem
1114 1354 1154 1398 ec

63 1452 105 1503 ιο
114 1439 182 1506 illis
185 1441 345 1530 fornicati
359 1453 441 1523 sunt,
453 1452 484 1508 et
496 1452 674 1508 corruerunt
685 1462 749 1508 unu
763 1442 814 1507 die
828 1441 944 1529 uiginti
959 1441 1022 1506 tria
1035 1439 1155 1508 miliia,

112 1549 179 1617 Neo
193 1562 344 1618 tentemus
361 1553 530 1634 Christum,
545 1552 800 1642 quemadmodum
815 1552 943 1640 quidum
964 1574 1068 1617 eorum
1084 1563 1152 1617 ten·

112 1665 272 1742 taverunt,
285 1673 316 1728 et
331 1685 351 1727 a
365 1652 555 1748 serpentibus
567 1660 738 1749 perierunt.
782 1662 892 1750 Neque
910 1657 1152 1728 murmuraveri-

113 1767 167 1850 tis,
188 1765 281 1836 sicuti
303 1765 432 1860 quidam
452 1790 556 1838 eorum
577 1784 860 1853 murmuraverunt,
882 1783 912 1838 et
930 1773 1092 1859 perierunt
1113 1773 1153 1840 alr

111 1878 362 1947 exterminatore.
407 1878 491 1948 Haec
506 1893 611 1947 autem
632 1882 736 1948 omnia
757 1882 790 1947 in
799 1881 914 1971 figura
923 1882 1050 1970 flebant
1064 1882 1130 1949 illis
1139 1911 1154 1965 ,·

64 1991 230 2076 rescripta
249 2002 321 2056 sunt
343 2003 448 2058 autem
470 1994 512 2058 ad
534 1992 754 2079 conceptionem
771 2003 922 2074 nostram,
937 1993 970 2058 in
985 2015 1060 2082 quos
1069 1992 1153 2081 finis

56 2092 60 2099 ’
110 2099 298 2170 soeculorum
313 2102 445 2169 deuenit.
484 2104 679 2191 Quapropter
701 2103 757 2192 qni
773 2114 870 2191 putat
890 2125 922 2169 se
939 2113 1033 2187 stare,
1047 2103 1153 2170 videat
1250 2104 1257 2129 ⁸

109 2233 150 2276 ue
163 2210 267 2297 cadat,
314 2213 439 2292 (Deinde
455 2215 710 2275 intervenientibus
724 2215 881 2286 nonnullis,
897 2212 960 2295 quie
974 2213 1072 2275 statim
1084 2227 1152 2298 post

110 2315 296 2405 subjungam,
323 2324 366 2382 ita
392 2327 509 2383 ineunte
534 2346 597 2405 cup.
618 2321 716 2384 xxviii.
743 2327 838 2405 pergit
865 2327 982 2402 sermo.)
1038 2325 1152 2411 Quum

109 2448 193 2516 ergo
207 2429 308 2496 hicet
322 2424 387 2496 illic
401 2429 514 2496 eadem
528 2432 617 2497 sitin
631 2431 820 2497 vindicando
841 2433 914 2497 Deo
932 2431 1061 2519 justitia
1076 2433 1153 2513 Dei,

23 2520 28 2532 ‘
59 2547 145 2601 20et
158 2535 224 2603 illic
240 2537 370 2625 quidem
385 2535 505 2629 typice,
518 2555 553 2608 et
569 2541 800 2631 temporaliter,
814 2553 846 2606 et
860 2539 1075 2606 mediocrius:
1097 2539 1152 2606 hic

109 2667 185 2712 vero
202 2668 286 2727 vere,
299 2663 333 2713 et
347 2638 483 2736 semper,
497 2664 530 2714 et
548 2652 728 2716 austerius:
751 2651 836 2738 ignis
853 2654 939 2716 enim
948 2651 1103 2741 ¹aeternus,
1118 2663 1153 2716 et

107 2779 184 2843 quoe
207 2780 227 2823 a
249 2759 334 2823 coelo
356 2759 547 2824 revelabitur
572 2760 621 2825 iro
643 2761 706 2827 Dei
731 2783 751 2826 a
773 2761 855 2825 facie
880 2760 1014 2826 Domini
1039 2760 1153 2841 nostri,
1261 2839 1264 2844 ⁵

107 2867 389 2953 quemadmodum
404 2881 439 2934 et
451 2869 555 2935 David
578 2871 642 2936 ait:
668 2884 679 2916 ¹
689 2869 800 2936 Vultus
821 2882 925 2936 autem
946 2871 1078 2953 Domini
1098 2894 1159 2938 sum

105 2993 168 3063 per
178 2978 338 3065 facientes
358 2977 457 3058 mala,
470 2990 506 3043 ut
524 2980 638 3065 perdat
651 2980 689 3045 de
703 2991 788 3045 terra
810 2982 989 3046 memoriam
1003 2982 1151 3068 ipsorum,

51 3102 98 3165 25
109 3087 270 3176 majorem
281 3109 409 3176 poenam
421 3102 555 3175 praestat
566 3089 604 3154 iis
615 3090 671 3176 qui
686 3090 832 3154 incidunt
846 3090 880 3155 in
894 3112 983 3159 eam:
998 3090 1088 3157 valde
1099 3093 1150 3157 in·

106 3213 256 3264 sensatos
269 3221 334 3264 non
347 3199 543 3265 ostendebant
560 3200 804 3264 Pnusurreur
819 3201 942 3288 eosqui
957 3222 996 3266 ex
1010 3201 1060 3265 his
1075 3225 1149 3290 quae
1221 3246 1226 3256 ·

105 3307 297 3372 aeciderunt
310 3308 371 3388 his,
384 3309 441 3397 qui
455 3309 535 3374 olim
549 3311 623 3374 Deo
638 3310 916 3395 obtemperabunt,
930 3323 1056 3376 tentant
1068 3311 1148 3377 alte·

106 3439 183 3483 rum
202 3431 327 3504 patrem
347 3419 550 3484 introducere
560 3443 570 3499 3
593 3420 790 3484 econtrario
804 3434 1016 3506 opponentes,
1029 3434 1150 3509 quanta

105 3528 273 3594 Dominus
292 3528 332 3593 ad
355 3527 522 3595 salvandos
543 3551 612 3608 eos,
632 3530 689 3615 qui
710 3543 897 3616 receperunt
918 3552 1005 3609 eum,
1021 3533 1149 3598 veniens

49 3654 98 3706 30
106 3637 249 3718 fecisset,
262 3639 416 3704 miserans
435 3661 571 3719 eorum3
595 3652 736 3704 tacentes
752 3654 860 3705 autem
876 3640 917 3705 de
926 3640 1052 3728 judicio
1066 3642 1149 3730 ejus,

104 3760 144 3812 et
166 3732 382 3836 quecumque
408 3748 594 3834 provenient
621 3749 683 3828 his,
707 3749 763 3835 qui
788 3749 957 3815 audierunt
983 3771 1148 3818 sermones

105 3856 189 3943 ejus,
203 3870 238 3922 et
258 3880 323 3923 non
337 3860 494 3938 fecerunt,
510 3870 543 3922 et
557 3859 729 3945 squoniam
752 3859 940 3946 expediebat
962 3862 1018 3940 eis,
1034 3861 1061 3926 si
1083 3884 1147 3927 non

104 3980 214 4032 esseut
230 3967 307 4046 nati,
319 3981 352 4051 et
368 3968 535 4054 ‘quoniam
551 3968 747 4033 tolerabilius
762 3967 914 4034 Sodomae
928 3983 961 4035 et
977 3971 1146 4036 Gomorrae

137 4198 139 4203 ’
239 4203 303 4252 'Pu
314 4205 399 4255 xxxiii.
414 4213 453 4255 16.
553 4207 769 4281 ‘Mareuiusu
817 4274 820 4279 ι
861 4208 1017 4258 ²1d.vi.1t.
