2716 4748
294 258 355 344 158
628 200 991 327 sunommouss

290 425 337 491 cit
356 423 564 511 Apollinaris,
585 423 653 524 legi
675 427 867 491 contrariam
887 450 957 493 esse
976 428 1112 495 alteram
1133 430 1317 516 opinionem,

291 510 383 595 quod
403 532 477 574 cum
500 531 539 573 ex
558 510 706 575 instituto
723 512 806 597 legis
821 534 924 598 agnus
939 514 1097 600 paschalis
1117 529 1164 580 14.
1179 516 1236 583 die
1246 518 1318 585 lune

290 594 481 658 mactandus
503 607 598 673 esset,
620 596 845 663 convenienter
870 596 936 682 legi
960 599 1159 665 censendum
1180 601 1319 680 faretri

290 680 419 755 ἀληθινὸν
432 677 474 741 πά
500 705 519 740 a
530 679 641 742 Jesum
655 678 821 745 Christum
836 682 955 745 eodem
971 681 1027 747 illo
1038 682 1090 747 die
1103 705 1238 769 possum
1252 708 1320 752 esse.

335 765 370 826 Ρ.
387 778 453 826 150.
483 776 556 826 .22.
577 764 609 825 τὸ
631 766 772 911 inhibuit}
792 766 844 829 Its
863 765 961 842 edidi,
984 788 1043 851 pro
1064 773 1113 831 τοῦ
1134 774 1321 853 lindissi&

288 846 401 911 codice
421 848 496 910 MS.
516 846 673 910 Biblioth.
697 848 747 913 Bo
770 848 1252 936 l.nume103401.signato,in
1285 878 1323 921 uo

289 946 407 1017 proeter
421 932 498 995 alias
513 931 729 1015 Praefotionis,
743 955 816 1017 quae
831 947 973 1012 vocatur,
987 947 1093 1020 partes
1114 935 1189 1001 hec
1205 939 1281 1023 Apo
1303 940 1325 989 '-

288 1015 369 1081 narii
384 1015 423 1079 de
460 1014 589 1079 aschate
603 1016 784 1099 fragmenta
797 1031 917 1082 extant.

334 1100 418 1163 lbid.
438 1036 465 1162 i.
486 1115 535 1163 25.
572 1104 585 1161 ὁ
614 1102 732 1175 ὑψωθεὶς
759 1102 802 1162 ἐπὶ
831 1102 954 1189 κεράτων
979 1100 1179 1188 unanimos]
1209 1103 1325 1171 Confer

288 1183 408 1250 Psalm.
431 1183 496 1247 xxii
526 1206 647 1247 comm.
668 1199 717 1248 21.
740 1198 774 1248 et
795 1187 850 1249 Ps.
870 1186 944 1251 xcii.
968 1207 1088 1249 comm.
1106 1201 1154 1251 10.
1178 1189 1326 1255 Ostendit

290 1267 479 1333 Pesrsonius
501 1268 534 1330 in
557 1269 676 1351 Expos.
701 1268 851 1354 Symtott,
869 1270 973 1334 Artic.
998 1270 1185 1355 Crucifixus,
1206 1288 1325 1358 partem

287 1352 391 1417 crucis
413 1352 500 1417 illam
524 1375 543 1415 a
562 1352 739 1438 pictoribus
762 1354 828 1417 iere
850 1355 1043 1440 neglectam,
1062 1378 1135 1441 quae
1159 1356 1196 1421 in
1223 1358 1325 1423 medio

287 1437 363 1524 palo
379 1450 467 1501 recto
487 1437 548 1501 fixa
567 1459 606 1499 ex
627 1457 667 1500 eo
688 1438 903 1522 prominebat,
921 1439 1039 1524 cuique
1059 1440 1261 1515 innitebatur¹
1279 1464 1326 1507 sa*

286 1544 378 1587 crum
392 1544 509 1607 corpus
525 1520 658 1598 Christi,
671 1544 691 1584 a
704 1523 834 1586 Justino
849 1524 997 1610 Martyre
1010 1523 1044 1587 in
1058 1522 1199 1612 Dialago
1212 1525 1325 1593 descri-

285 1607 331 1686 bi,
347 1606 622 1691 rhinocerotisque
637 1628 713 1671 curn
727 1629 828 1671 cornu
841 1609 883 1670 ab
901 1630 942 1672 eo
962 1630 1035 1672 com
1078 1607 1152 1686 rari,
1167 1610 1326 1677 similiter-

286 1714 352 1777 que
374 1691 472 1755 etiam
497 1690 732 1757 Tertullianum
758 1691 817 1755 lib.
832 1691 878 1755 iii.
901 1693 972 1757 odo.
1056 1691 1153 1756 rainu.
1176 1708 1275 1759 o..18.
1295 1701 1347 1759 et'

287 1776 358 1839 adv.
372 1775 501 1838 Jadoeos
515 1797 544 1838 c.
560 1789 609 1837 ιο.
622 1774 788 1839 lustinum
810 1775 973 1843 imitatum
991 1777 1139 1864 typicum
1152 1776 1244 1845 hunc
1258 1778 1325 1845 uni·

285 1880 416 1923 comem
430 1872 586 1943 spectare.

329 1945 364 2006 P.
384 1959 450 2007 151.
471 1942 494 2005 l.
509 1957 540 2006 3.
562 1941 646 2025 λόγον
662 1942 709 2005 nal
723 1945 853 2027 πνεῦμα]
868 1944 1087 2010 Tertullianus
1097 1944 1149 2009 De
1160 1944 1325 2031 Raptim

284 2048 356 2113 cap.
371 2034 419 2091 16.
435 2040 470 2092 et
483 2027 535 2090 De
548 2026 708 2090 Pudicitia
721 2049 792 2114 cap.
808 2029 868 2093 ult.
888 2051 1006 2114 aquarn
1026 2044 1062 2095 et
1079 2029 1273 2115 sanguinem
1287 2052 1326 2099 ex

283 2111 384 2176 latere
400 2111 522 2175 Christi
538 2111 692 2176 emissum
713 2112 754 2176 de
775 2111 904 2177 duobus
926 2113 1093 2201 baptismis
1110 2135 1150 2178 ex
1195 2114 1259 2194 nit,
1267 2112 1324 2181 illo

283 2217 342 2282 per
361 2217 478 2281 aquarn
502 2197 600 2272 facto,
614 2195 677 2260 boc
699 2197 981 2282 persanguinem,
996 2220 1088 2265 sacro
1111 2196 1140 2263 vi
1197 2197 1205 2212 ⁶
1278 2198 1324 2265 lo·¹

283 2302 377 2356 vacro
399 2292 433 2344 et
451 2280 617 2366 martyrio.
659 2281 784 2344 Eodem
800 2280 900 2345 modo
913 2281 1023 2346 locum
1035 2281 1240 2367 interpretati
1250 2296 1325 2351 stent

283 2365 412 2431 Auctor
436 2366 602 2429 Tractatio
623 2365 675 2427 De
697 2364 860 2448 Baptismo
886 2365 1115 2431 Hoereticoram
1135 2366 1180 2431 sd
1202 2366 1323 2433 calcem

285 2450 438 2536 Cypriani
459 2471 491 2534 p.
502 2465 553 2527 29.
568 2449 619 2512 ed.
633 2452 659 2513 F
660 2449 724 2512 elli.
749 2450 1035 2536 Hieronymusque
1055 2451 1090 2513 in
1104 2452 1171 2536 Ep.
1189 2450 1233 2515 ad
1249 2450 1324 2517 Oca-

283 2557 378 2599 aaam
392 2556 424 2619 p.
439 2547 510 2609 327.
525 2534 577 2598 ed.
596 2533 754 2598 Frobenii.
790 2533 947 2598 Usitatior
964 2548 1073 2599 autem
1089 2550 1139 2600 est
1149 2535 1323 2621 expositio,

282 2640 355 2705 quae
373 2619 414 2681 ad
432 2619 498 2682 duo
514 2633 711 2681 sacramenta
726 2617 869 2682 ecclesiae
885 2619 1080 2703 baptismum
1095 2640 1201 2705 aquae,
1215 2634 1323 2705 etpo-

281 2703 393 2767 culum
415 2702 684 2778 sanctificationis,
706 2725 778 2786 quae
804 2703 1055 2767 communicatio
1081 2703 1255 2791 sanguinis
1272 2716 1325 2769 est

284 2786 418 2864 Christi,
433 2808 555 2850 sacram
579 2786 668 2848 illam
692 2784 881 2850 effusionem
900 2786 1007 2850 refert.
1043 2788 1128 2851 Vide
1150 2786 1323 2874 Chrysost.

283 2869 317 2934 in
329 2870 460 2934 Joanais
473 2871 599 2955 Evang.
615 2891 647 2954 p.
659 2883 730 2947 914.
745 2883 825 2934 tom.
838 2871 882 2934 iii.
897 2870 949 2934 ed.
972 2870 1091 2947 Savilii,
1106 2884 1139 2936 et
1160 2871 1323 2957 Augusti-

283 2976 363 3018 num
378 2954 411 3018 in
426 2955 510 3017 idem.
520 2976 553 3039 p.
567 2967 637 3017 554.
653 2968 732 3018 tom.
746 2955 788 3019 ix.
803 2954 855 3018 ed.
869 2955 1006 3019 Froben.
1020 2977 1117 3040 quem
1133 2956 1206 3041 plus
1221 2955 1324 3021 semel

282 3038 315 3103 in
330 3039 387 3103 lib.
402 3060 532 3126 quoque
542 3040 593 3102 De
605 3039 739 3103 Ciuitate
750 3039 813 3102 Dei
826 3039 914 3103 idem
928 3039 1076 3104 docuisse
1091 3040 1237 3103 memini.
1262 3041 1324 3107 ¹Per

281 3145 398 3209 aquam
420 3136 528 3188 autem
550 3137 584 3187 et
604 3124 792 3208 sanguinem
813 3123 1032 3208 Apollinarius
1051 3123 1120 3188 vult
1138 3123 1325 3208 significari,

281 3210 315 3272 ni
329 3209 434 3285 fallor,
449 3208 536 3272 verbi
549 3207 646 3271 divini
662 3206 923 3293 praedicationem
939 3221 973 3271 et
990 3207 1128 3293 Spiritus
1142 3208 1324 3273 sanctifica·

281 3294 415 3371 tionem,
429 3293 506 3357 dum
528 3292 618 3369 illud,
635 3292 727 3355 πάλιν
749 3291 905 3377 καθάρσια,
920 3291 961 3354 ad
977 3291 1146 3376 figuratam
1163 3292 1225 3355 sub
1240 3314 1323 3358 novo

280 3377 402 3441 foedere
428 3389 570 3440 veterum
598 3378 717 3440 rituum
747 3376 984 3441 renovationem
1012 3390 1157 3460 spectare
1184 3375 1322 3442 videtur.

281 3462 341 3524 Est
355 3475 461 3524 tamen
477 3462 609 3524 fortasse
624 3459 771 3537 dubium,
786 3472 857 3523 utra
871 3482 933 3537 res,
948 3481 1032 3544 aqua
1049 3481 1090 3524 an
1111 3459 1258 3544 sanguis,
1271 3481 1321 3524 re·

280 3543 354 3609 ferri
376 3545 491 3609 debeat
511 3545 552 3608 ad
571 3544 819 3628 autumatque
838 3543 1004 3627 spicuam,-
1025 3565 1100 3607 nam
1114 3543 1323 3628 Augustinus

279 3627 390 3692 lib.iii.
405 3630 520 3692 Contra
533 3628 748 3693 Maximinum
759 3649 791 3713 p.
802 3642 871 3691 522.
888 3641 970 3692 tom.
980 3628 1020 3690 vi.
1035 3626 1167 3692 nornine
1179 3649 1276 3712 aquae
1287 3628 1323 3693 in

278 3714 434 3798 evangelii
447 3715 521 3778 loco
532 3725 794 3777 commemoratae
807 3725 901 3797 putat
913 3710 1067 3797 Spiritum
1083 3710 1243 3777 Sanctum
1254 3712 1323 3797 sig·

280 3797 411 3876 nificari‚
427 3799 544 3883 quinis
558 3809 607 3861 est
621 3819 715 3883 aqua,
730 3818 827 3882 quarn
844 3796 976 3862 daturus
991 3808 1060 3860 erat
1072 3797 1168 3861 Jesus
1182 3794 1323 3862 sitienti·

278 3881 352 3960 bus,
367 3884 496 3947 nornine
519 3894 626 3947 autem
648 3880 809 3966 sanguinis
832 3880 959 3958 Filium,
979 3880 1056 3965 quia
1073 3880 1221 3945 Verbum
1245 3894 1323 3947 caro

278 3966 476 4031 factumest.
520 3969 563 4030 Et
581 3966 637 4029 diu
657 3978 732 4029 ante
753 3965 974 4049 Augustinum
998 3966 1139 4029 Irenaeus
1162 3963 1323 4063 Spiritum

279 4051 434 4115 Sanctum
457 4051 592 4116 vocabat
613 4072 738 4136 aquam,
754 4071 826 4136 qaoe
841 4049 878 4113 de
892 4047 970 4112 coelo
991 4059 1060 4121 est„
1075 4049 1150 4112 Lib.
1165 4048 1211 4113 iir.
1225 4062 1322 4125 c.·17.

279 4137 310 4218 ζ.
321 4149 353 4200 2.
368 4135 419 4201 ed.
434 4134 605 4201 Massueti.
651 4136 750 4201 Porro
763 4132 990 4220 pervulgatum
1004 4132 1039 4197 id
1052 4145 1115 4213 est,
1130 4132 1323 4201 Facundum
