2716 4748
154 285 241 361 xxvi
523 281 833 369 PnAEssrw:

154 469 274 543 tiones
300 469 566 568 Stephanianas
590 500 612 545 a
635 473 782 547 Valesio
806 470 938 568 ejectas
968 469 1203 570 postliminio

155 592 349 667 redeuntes
375 593 546 668 restituit.
606 596 706 668 Usus
732 621 878 691 quoque
903 605 960 666 est
984 595 1040 669 vir
1064 593 1112 666 cl.
1138 592 1202 689 cui

78 817 81 824 J
154 713 292 788 nullius
305 716 430 814 scripti
448 716 601 792 Eusebii
615 719 721 817 copia
734 719 856 804 fiebat,
873 717 1072 790 lectionum
1086 715 1204 789 varia-

151 864 235 912 rum
253 866 364 938 penu,
375 841 439 937 qui
456 844 512 915 vel
530 843 569 916 in
588 844 752 941 margine
768 843 940 916 editionis
957 838 1202 933 Genevensis,

153 963 210 1035 vel
227 962 272 1035 ad
290 964 427 1037 calcem
454 965 730 1063 Readingianae,
747 977 804 1039 est
825 966 1048 1056 adservatus,
1066 978 1205 1064 praeter

153 1086 328 1159 lectiones
353 1085 489 1160 codicis
514 1086 660 1175 Veneti,
679 1086 742 1159 sed
769 1112 923 1161 numero
948 1087 1203 1184 paucissimas,

29 1266 32 1273 .
153 1233 238 1305 quae
256 1207 302 1282 ad
320 1207 492 1281 editionis
517 1207 777 1316 Stephanianae
794 1209 1068 1304 orsmalicujus
1086 1234 1204 1283 manu

152 1332 242 1404 olim
270 1343 404 1404 notstae
433 1330 590 1403 fuerant.
652 1331 834 1404 Certiores
861 1357 946 1402 vero
977 1357 1044 1405 nos
1071 1330 1203 1405 fecisse

152 1480 253 1530 nunc
278 1453 384 1527 video
409 1454 455 1528 cl.
479 1453 707 1544 Morellium,
736 1453 969 1558 bibliothecae
998 1453 1052 1529 D.
1070 1452 1202 1542 ‚Marci

151 1573 316 1651 Venetiis
346 1575 601 1650 doctissimum
629 1575 832 1665 custodem,
862 1576 1063 1649 contulisse
1092 1603 1131 1657 se
1161 1576 1201 1650 in

151 1725 262 1773 usum
286 1698 450 1794 ejusdem
472 1697 640 1787 Strothii,
658 1710 741 1794 post
763 1696 949 1771 editos-sb
968 1725 1013 1798 eo
1037 1697 1202 1787 historise

151 1822 377 1901 Eusebianae·
399 1822 511 1894 libros
534 1832 675 1920 septem
698 1819 850 1919 priores,
860 1820 1014 1901 ,codices
1041 1820 1203 1913 Marcis·

152 1972 220 2021 nos
242 1971 371 2019 omnes
397 1945 436 2017 in
461 1945 559 2018 locis
579 1944 722 2018 selectis
746 1944 990 2043 posteriorum
1010 1946 1132 2035 ,trium
1158 1947 1203 2020 li-

152 2065 315 2157 brorum,
342 2093 434 2163 quos
461 2080 586 2141 tamen
615 2067 677 2140 ille
704 2080 822 2141 morte
850 2067 1020 2141 ademtus
1044 2068 1202 2143 minime

30 2206 33 2212 “
152 2190 338 2265 edidisset.
378 2190 552 2264 Bibliotlt.
577 2189 776 2264 Marciana
801 2186 922 2269 MSta
946 2217 983 2289 p.
1002 2206 1111 2273 220.=
1139 2191 1202 2265 De

152 2311 278 2390 codice
303 2312 500 2403 Saviliano,
517 2339 581 2385 seu
598 2311 814 2403 Bodleiano,
832 2314 912 2386 haec
936 2313 1012 2387 fere
1035 2313 1201 2402 fuerunt,

152 2463 237 2533 quae
257 2449 460 2511 memoratu
478 2435 592 2535 digne
607 2436 829 2510 viderentur.
880 2436 1051 2513 Alterum
1072 2447 1200 2514 exem·

152 2560 233 2658 plar
251 2559 519 2649 Eusebianum,
537 2559 640 2654 cujus
656 2556 789 2657 'opibus
807 2585 867 2633 mc
883 2584 998 2633 usum·
1009 2558 1123 2633 fuisse
1141 2583 1202 2633 su-

151 2708 219 2780 pra
234 2682 325 2772 dixi,
343 2709 365 2754 a
383 2682 530 2755 nemine
553 2695 638 2756 ante
662 2683 701 2756 in
726 2683 892 2756 medium
909 2695 966 2755 est
982 2681 1203 2772 adductum,

152 2804 222 2877 etsi
238 2804 414 2877 lectiones
436 2816 474 2875 et
497 2804 658 2902 insignes
676 2817 714 2877 et
731 2805 799 2877 sibi
817 2805 981 2903 proprias
1000 2805 1100 2885 haud
1118 2831 1203 2879 raro

149 2937 314 3026 ¹praestat.
367 2925 451 2998 Hoc
479 2937 603 2999 autern
634 2926 731 3001 ideo.
749 2926 1020 3026 Norfolciensis
1036 2929 1203 3002 -nomine

152 3046 413 3147 appellandum
430 3048 569 3138 censui,
587 3049 674 3146 qnia
691 3048 729 3121 in
748 3048 971 3123 bibliotheca
987 3050 1203 3148 cognomini

152 3170 374 3263 adservetur,
403 3196 486 3266 quae
516 3171 665 3268 quidem
696 3171 919 3245 bibliotheca
951 3173 998 3246 ab
1027 3172 1204 3247 illustris-

153 3294 246 3368 simo
269 3294 433 3368 Henrico
456 3293 619 3367 Howard
637 3293 838 3366 Norfolciae
855 3294 945 3367 olim
963 3293 1058 3368 duce
1075 3295 1203 3369 Socie-

152 3417 219 3490 tati
250 3417 377 3514 Regiae
407 3389 634 3490 Londinensi
662 3415 759 3488 dono
785 3415 870 3489 data
894 3416 933 3489 in
961 3415 1103 3490 aedibus
1123 3417 1204 3491 So-

152 3538 435 3613 mersetensibus
455 3564 554 3612 nunc
571 3538 723 3611 demum
740 3539 896 3636 reposita
913 3552 980 3613 est
999 3598 1002 3603 .
1031 3539 1093 3612 Ad
1112 3555 1204 3615 aeta·

153 3676 229 3736 tem
245 3661 354 3760 *quod
378 3661 523 3749 attinet,
546 3659 662 3733 codex
688 3660 867 3733 recentior
886 3673 1072 3751 escuem,
1092 3662 1125 3735 si
1141 3689 1206 3736 ve·

153 3813 234 3860 rum
254 3783 374 3874 audin,
388 3783 521 3855 saeculo
539 3781 681 3855 decimo
694 3783 824 3878 quinto
841 3779 1082 3881 assignandus
1100 3783 1205 3858 vide-

152 3923 224 3984 tur.
281 3906 396 4002 Cujus
425 3905 575 4001 quidem
603 3904 814 3978 varietatem
843 3931 1016 4002 magnam
1045 3907 1203 4002 quidem

152 4046 295 4133 partem
312 4029 427 4102 refero
444 4039 630 4126 acceptam
656 4027 877 4100 humanitati
903 4028 1092 4103 Francisci
1110 4029 1205 4104 For-

154 4149 549 4241 tescue-Knottesford,
565 4149 663 4224 docti
681 4161 719 4224 et
734 4150 786 4248 pii
803 4151 1023 4251 presbyteri,
1037 4151 1102 4230 cui
1119 4178 1205 4227 om·
