2716 4748
246 272 289 340 26
582 271 943 377 Annorsrromrs

308 454 418 530 tquam
436 440 491 508 iile
501 463 528 507 a
548 441 675 530 laqueo,
690 464 755 531 quo
770 466 804 509 se
817 445 1035 532 suspenderat,
1048 465 1069 510 a
1080 445 1276 547 quibrudam

262 528 401 593 'beratus
415 527 528 607 fuerat,
562 529 736 614 raecipitem
756 529 888 610 factum,
902 531 1058 609 inflatum,
1071 531 1275 623 diffisumque

247 632 319 677 esse
332 612 485 678 medium.
575 635 639 701 qua
652 614 781 701 quidem
793 616 959 704 Euthymii
973 617 1152 696 narratione
1165 638 1274 687 sacro·

247 713 319 764 tum
335 698 489 763 librorum
505 699 586 764 inter
598 720 632 763 se
641 701 864 779 conciliatrice,
876 701 932 789 qui
945 715 1050 766 autem
1063 703 1181 769 aaeculo
1190 703 1275 771 duo·

244 782 374 848 decimo
389 783 524 869 scripsit,
535 783 620 849 haud
635 784 771 850 multum
786 786 892 851 differt
905 786 1075 865 scholium,
1088 788 1142 854 oui
1155 804 1275 855 nomeu

247 867 379 934 arserit
404 869 588 956 prefigitur,
610 891 650 934 ex
674 869 785 935 codice
832 871 949 936 undam
967 874 1158 959 'Morquano
1182 892 1203 939 a
1229 874 1275 939 cl.

248 953 399 1018 Matthaei
408 953 529 1020 editum
542 955 581 1020 ad
592 954 650 1019 l.c.
659 955 712 1020 ed.
721 978 787 1021 suar
829 958 988 1043 rt.Apost.
1014 957 1082 1022 Ubi
1093 970 1277 1044 praenreae

246 1039 404 1188 gibbam
415 1038 514 1104 Judas
529 1053 640 1126 postea
653 1039 805 1106 cecidisse
818 1041 929 1107 fertur.
952 1041 1016 1112 Sed
1026 1042 1096 1107 brec
1108 1043 1276 1109 hacteuua.

279 1125 459 1188 asaubouus
473 1125 602 1212 quidem
624 1124 698 1190 loco
715 1125 785 1214 jam
805 1125 903 1191 modo
919 1126 1057 1192 indicato
1070 1126 1127 1208 ait,
1142 1129 1273 1217 Papiam

246 1207 326 1275 duaa
339 1230 432 1273 voces
446 1210 663 1275 diversissimae
679 1210 917 1296 significationis
931 1212 1113 1278 confudisse
1125 1217 1232 1313 'wit
1240 1228 1277 1280 et

246 1292 385 1382 ἱσςηθεῖς.
422 1294 486 1358 Sed
500 1296 639 1361 Grabiua
659 1294 744 1361 idem
762 1297 866 1383 ipsum
881 1296 1022 1361 varietati
1035 1297 1180 1364 lectioma
1192 1318 1274 1387 apo-

247 1379 369 1445 atolicae
395 1380 569 1444 attribuens
596 1402 615 1444 a
642 1401 716 1445 veno
737 1381 867 1468 propius
892 1381 1004 1447 abesae
1028 1381 1097 1446 aliis
1123 1382 1250 1459 videtur
1262 1410 1274 1466 ς

208 1464 212 1469 ’
245 1484 305 1528 nec
318 1464 476 1551 discrepat
489 1465 726 1545 Griesbaohius,
735 1466 792 1553 qui
808 1465 912 1552 Papia
926 1467 1095 1532 lectionem
1108 1467 1149 1532 ad
1162 1467 1276 1535 iocum

243 1549 405 1615 Actorum
428 1552 557 1636 profert.
592 1553 640 1616 At
662 1572 735 1615 vero
758 1563 796 1616 ut
820 1552 871 1616 vix
892 1550 1068 1616 censendus
1092 1553 1201 1653 Papias
1222 1569 1276 1620 est

243 1633 340 1700 hasce
365 1656 458 1700 voces
483 1636 565 1701 inter
591 1658 625 1700 ae
652 1635 843 1715 confudisse,
867 1636 913 1701 ita
941 1659 1041 1723 quum
1069 1637 1273 1724 participium

243 1719 386 1805 γενόμενος
406 1721 438 1784 in
460 1743 550 1786 sacro
572 1731 661 1786 textu
678 1743 752 1785 cum
767 1721 830 1786 hoc
844 1724 969 1808 σμηθεὶς
984 1721 1068 1787 maie
1080 1724 1276 1804 conveniret,

243 1805 267 1870 i.
278 1825 307 1868 e.
321 1806 448 1892 mentiris
468 1805 609 1889 γινόμινος
629 1826 687 1892 pro
708 1811 812 1892 πρηνὴς
832 1831 867 1894 γ.
889 1807 1007 1872 idcirco
1022 1806 1101 1874 nihil
1114 1808 1277 1874 varietatis

242 1889 400 1955 invenisse
416 1890 544 1976 Papiam
560 1891 750 1969 existimem,
766 1892 792 1956 si
813 1892 840 1956 ia
863 1891 971 1956 iocum
986 1892 1045 1958 sibi
1060 1893 1275 1980 proposuerit,

243 1974 302 2039 sed
321 1996 389 2039 rem
405 1976 583 2040 narratione
603 1997 664 2044 ,sua
685 1977 841 2063 explicare
853 1976 1014 2056 ⁴uoluisse3
1034 1999 1107 2065 quse
1121 1979 1157 2043 S.
1171 1979 1275 2044 Lucae

243 2059 375 2148 quidem
389 2059 475 2125 haud
489 2060 687 2127 contradicit.
1198 2112 1203 2118 -

288 2147 322 2209 Ρ.
332 2158 362 2224 9.
376 2144 397 2209 l.
412 2160 456 2210 13.
472 2145 755 2234 Quemadmodum
772 2145 952 2234 Presbyteri
965 2146 1181 2213 meminerunt
1191 2147 1270 2233 iro]

242 2229 390 2297 Dubium
403 2230 467 2296 diri
482 2253 560 2310 esse,
576 2253 682 2296 annon
698 2231 767 2295 haec
783 2231 881 2318 ipsius
893 2233 997 2318 Papiae
1012 2231 1076 2296 sint
1088 2232 1195 2312 verba,
1207 2254 1273 2321 qua

155 2391 158 2402 ,
242 2314 284 2380 de
293 2337 338 2417 're
358 2330 450 2381 notas
470 2316 617 2381 consulas
632 2316 673 2381 ad
688 2316 783 2404 hujus
796 2317 896 2404 ῥῆσεως
909 2317 1004 2407 finem
1017 2316 1210 2404 initiumque
1223 2318 1272 2382 al·

241 2413 351 2468 terius.

287 2486 370 2552 lbid.
384 2486 407 2552 l.
420 2498 469 2552 20.
491 2486 601 2555 decem
616 2486 717 2553 millia
733 2487 915 2573 palmitum]
933 2488 1024 2552 Deua
1037 2485 1143 2551 millio
1151 2485 1273 2572 palmi·

243 2582 311 2637 tum
332 2572 430 2638 habet
451 2573 534 2638 Cod.
550 2575 645 2637 Voss.
672 2573 762 2636 Sicut
784 2586 905 2658 postea,
928 2573 1007 2636 dena
1025 2570 1114 2637 mille
1133 2571 1272 2638 brachio-

347 2655 905 2806 fl.

248 2836 251 2841 '
287 2789 371 2889 Ibid.
385 2826 407 2891 l.
420 2840 469 2890 21.
484 2829 558 2892 verb
568 2765 714 2974 palriitep
728 2759 982 2912 Legendunihie
997 2764 1189 2914 hiidciricipro
1203 2833 1272 2892 am

237 2909 372 3000 palmite
384 2911 514 3000 conjicit
532 2912 671 2975 Grabius
685 2910 696 2975 i
716 2910 806 2975 idem.

248 3018 255 3028 ·
285 2997 319 3062 P.
333 2996 461 3061 10.l.5.
481 2999 562 3061 Haec
577 2998 696 3082 autem]
715 2996 778 3061 Hir
792 3007 895 3061 autern
912 3017 1033 3083 ponere
1054 2995 1201 3061 debuisse
1219 2995 1271 3061 in·

240 3094 412 3169 terpretem
439 3092 576 3148 veterem
602 3082 647 3145 ait
669 3081 830 3160 Grabius3
851 3096 886 3147 et
907 3095 999 3147 notat
1021 3083 1207 3147 Mansuetus
1226 3081 1271 3147 ad

239 3167 337 3235 eund.
360 3169 524 3246 Irenceum,
547 3188 710 3254 perperam
734 3167 863 3232 vertisse
882 3168 1104 3253 interpretem,
1128 3166 1272 3232 scriben-

240 3254 319 3319 dum
335 3255 432 3332 enirn,
447 3254 495 3317 vel
518 3253 571 3342 hec
593 3261 735 3332 testatur,
750 3252 871 3316 vel‘doc
888 3251 1098 3332 testimoniam
1114 3248 1272 3350 perhibet.

238 3338 273 3405 A
288 3338 459 3404 Gallandio
474 3338 529 3403 doc
543 3348 675 3435 testatur
689 3338 793 3424 magis
808 3337 972 3424 probatur.
1006 3336 1162 3436 Euseburs
1175 3336 1272 3436 initio

239 3419 1271 3596 Perdidit.Putitsstttttt,tttttt‘tttti‘tt

209 3660 214 3669 ,
238 3599 296 3661 Τοῦ
318 3595 346 3658 δὲ
366 3595 469 3658 Hatria
481 3593 691 3682 συγίςάμματα
702 3591 787 3656 arim
800 3595 847 3657 τὸν
861 3595 979 3681 ἀριθμὸν
991 3591 1108 3702 piparas
1130 3589 1271 3678 mitons}

239 3683 382 3766 Εἰρηναῖος
402 3683 437 3754 ὥς
459 3679 545 3763 μόνων
567 3683 642 3765 αὐτῷ
659 3675 817 3766 γρᾱφὸπων
838 3679 1066 3762 sammarthanis
1085 3701 1142 3752 πως
1163 3675 1268 3762 nipast.

236 3765 340 3831 Tav'ra
362 3767 389 3828 ii
410 3768 457 3830 κᾱὶ
474 3764 590 3840 Παπίας
604 3764 663 3828 bre.
699 3763 784 3827 iufra
797 3780 906 3828 autem
920 3761 1049 3827 Eusebii
1064 3775 1154 3826 vetus
1169 3760 1271 3839 inter·

236 3868 309 3937 pres
327 3850 456 3916 Rufinus
479 3850 577 3914 habet
598 3849 630 3913 in
651 3848 757 3936 primo
776 3847 853 3913 libro
866 3867 931 3928 rao,
945 3849 1036 3912 aliter
1049 3867 1148 3933 quam
1161 3859 1272 3911 textus

238 3937 374 4002 Graec'us
391 3936 566 4021 Irenaeique
581 3935 745 4020 interpres.

282 4020 365 4086 lbid.
380 4021 402 4085 l'.
422 4027 467 4085 16.
489 4019 655 4085 Videbunt
677 4020 732 4107 qui
746 4018 871 4083 venient
887 4016 961 4101 δια]
980 4019 1062 4082 Hoec
1083 4002 1271 4085 certe-aunt

186 4157 190 4173 .
236 4116 278 4172 ex
302 4128 435 4172 numero
458 4105 596 4184 iliorum,
621 4104 663 4169 de
687 4104 803 4190 quibua
828 4103 984 4168 Eusebius
1003 4103 1060 4167 lib.
1072 4102 1118 4165 iii.
1132 4123 1203 4187 cap.
1213 4114 1268 4178 39.

236 4192 300 4260 ait:
320 4193 380 4259 rtet
394 4190 474 4259 tana
492 4193 522 4256 ii
539 4195 556 4256 d
573 4192 655 4267 airis
668 4188 836 4278 ruyspttpair
847 4191 883 4265 tit
897 4193 928 4254 it
941 4184 1123 4274 ¹⁷an
1136 4185 1271 4276 ἆγςᾶφῡ
