2716 4748
476 277 790 391 araneum·
1063 280 1166 367 xxti:

109 465 273 543 Maximi
302 467 367 543 De
399 465 565 544 Materia
599 467 875 568 Fragmentum,
909 463 1159 566 Dionysiique

109 588 353 664 Alexandrini
379 589 575 667 Mottiana
598 591 799 688 Euterptn,
824 601 863 663 et
886 585 1161 686 Patrum'Epr‘·

109 711 223 801 stole,
245 737 329 809 quae
358 711 545 787 Canonicoe
571 725 761 801 vocantur,
787 711 906 784 multo
929 708 1159 807 castigatiora

111 859 224 930 quam
248 847 335 909 ante
359 861 429 934 ope
453 834 699 933 plurimorum
725 835 923 909 MStornm
950 860 1051 909 nunc
1074 859 1160 934 pro-

112 958 276 1049 deuntia,
299 957 375 1033 duo
397 965 550 1032 'tantum
577 958 801 1057 exemplaria
829 957 964 1058 scripta
990 957 1052 1031 hic
1077 956 1160 1055 qui-

112 1080 198 1154 dem
222 1081 531 1154 commemorabo.
583 1080 789 1155 Continent
807 1106 850 1154 ea
867 1080 1160 1169 Ecclesiasticam

112 1201 265 1277 Eusebii
287 1204 507 1294 Historiam,
530 1229 577 1276 ex
599 1229 672 1301 qua
693 1229 777 1304 pars
802 1200 1068 1302 magna'primi
1092 1202 1158 1276 hu·

106 1325 169 1420 jus
186 1326 385 1400 voluminis
404 1325 600 1426 desumpta
615 1339 682 1400 est.
733 1325 889 1399 Etenim
906 1322 1161 1421 Eusebiidnae

113 1460 203 1521 sunt
221 1448 406 1547 primariae
424 1448 617 1540 editiones,
634 1475 709 1521 una
733 1476 755 1523 a
779 1447 944 1521 Roberto
961 1442 1163 1547 Stephano,

113 1570 233 1661 altera.
243 1571 290 1643 ab
308 1569 475 1645 Henrico
493 1544 639 1644 Valeiio
656 1570 843 1671 adornata.
896 1570 1041 1655 Harum
1062 1569 1164 1669 prior

112 1695 311 1792 antiquum
328 1694 513 1792 quendam
536 1694 631 1793 regis
648 1693 854 1767 Galliarum
877 1691 1043 1793 codicem
1068 1718 1163 1791 pene

113 1818 253 1914 ubique
270 1818 463 1917 expressit,
479 1818 545 1891 illo
562 1800 963 1916 Manuscripto,quem
987 1815 1164 1890 Medicae-

115 1967 180 2015 um
195 1942 405 2047 appellant,
431 1942 615 2015 rarissime
641 1943 681 2016 in
708 1943 921 2042 exemplum
946 1941 1163 2016 constituto.

114 2063 242 2137 Altera
263 2063 494 2154 autem,:sive
510 2063 705 2137 Valesiana
721 2061 848 2153 editio,
866 2062 910 2135 iis
929 2060 1033 2134 libris
1051 2061 1168 2161 scripu

115 2183 162 2257 tis
178 2208 256 2257 non
274 2185 389 2274 stetit,
407 2184 520 2258 trium
544 2185 667 2283 gavisa
682 2183 854 2257 codicum
878 2211 948 2284 ope
972 2209 1165 2273 novorum,

115 2305 314 2401 Mezeanoi,
331 2306 540 2400 Fuketiani,
557 2305 836 2404 Savilianique.'
872 2306 947 2380 Hic
964 2334 1049 2381 vero
1072 2307 1165 2413 liber

115 2428 335 2522 savilianus,
352 2444 395 2504 ut
419 2430 597 2505 traditum
625 2431 671 2503 ab
697 2431 778 2528 ipso
794 2429 940 2507 Valesio
956 2442 1024 2520 est,
1041 2455 1166 2528 exem-

60 2607 66 2620 .
115 2554 196 2653 pler
221 2568 368 2630 tantum
396 2552 857 2652 editionisXStephanianae
886 2552 970 2645 fuit,
997 2552 1036 2624 in
1062 2551 1166 2649 cujus

117 2678 291 2778 margine.
309 2678 497 2753 Henricus
520 2679 583 2752 ille
608 2677 775 2751 Savilius'
790 2676 964 2750 lectiones
987 2701 1073 2750 cum
1100 2675 1167 2767 ali·-

117 2800 218 2875 unde
233 2813 316 2899 tum
334 2826 382 2874 ex
397 2800 525 2875 codice
542 2799 811 2898 Manuseripto‚
827 2824 936 2896 quem
957 2800 1035 2898 ipse
1051 2798 1167 2898 possi-

118 2923 241 3016 debat,
258 2924 495 3023 depromptas
513 2923 761 2998 adnotaverat.
813 2923 886 2998 Sed
904 2922 1038 3026 Valesii
1059 2921 1168 2997 verba
1205 2906 1207 2911 ⁵

118 3072 165 3121 ex
182 3045 403 3121 Praefatione
419 3046 497 3143 ejus
523 3073 567 3121 eo
591 3046 768 3120 libentius
786 3045 944 3136 afferam,
962 3045 1051 3142 quia
1062 3045 1167 3151 nunc

118 3170 412 3268 manuscriptum
430 3195 451 3243 a
467 3169 613 3243 valesio
636 3196 827 3267 nunquam
850 3170 982 3245 visum
996 3156 1167 3255 manibus

119 3317 188 3391 ego
214 3293 293 3391 ipse
317 3294 479 3384 tractavi,
505 3304 617 3390 atque
642 3292 689 3366 ad
715 3320 823 3369 usum
850 3319 974 3367 meum
1001 3293 1166 3369 adhibui.

120 3421 144 3455 “
161 3412 344 3489 Praeterea
355 3414 473 3489 codex
486 3414 587 3507 fuit,¹’
599 3414 724 3512 inquit
737 3415 811 3504 ille,
825 3421 850 3457 “
861 3413 1017 3493 Henrici
1028 3413 1167 3507 Savilii,

119 3544 144 3579 “
161 3536 231 3617 viri
247 3536 463 3626 doctissimi,
479 3536 525 3611 ad
544 3564 604 3611 me
621 3537 754 3613 missus
771 3563 818 3611 ex
834 3538 971 3636 Anglia
987 3565 1008 3611 a
1024 3536 1052 3610 J
1053 3539 1168 3613 acobo

120 3666 145 3702 “
162 3656 316 3733 Ueserio
331 3658 578 3737 Armachano.
630 3660 730 3734 Nam
748 3686 834 3735 cum
851 3661 892 3734 in
910 3659 1052 3734 Usserii
1070 3659 1168 3735 notis

120 3788 145 3823 “
162 3779 209 3859 ad
234 3778 463 3879 Martyrium
486 3779 532 3855 B.
551 3764 759 3880 Polycarpi,
776 3783 1070 3882 manuscriptum
1091 3782 1170 3858 Eu·

120 3910 146 3965 -“
163 3902 324 3983 sehianae
346 3903 510 4005 historiae
533 3901 699 3979 codicem
722 3930 769 3978 ex
792 3905 1015 3979 bibliotheca
1040 3906 1170 3981 Savili-

122 4034 147 4070 “
164 4050 235 4101 ana
267 4026 409 4113 laudari
436 4027 787 4122 animadvertissem,
817 4031 1170 4128 eumque'codicem

122 4157 146 4192 “
164 4148 316 4251 optimae
332 4161 429 4226 notae
446 4160 524 4229 esse
538 4175 585 4225 ex
598 4149 739 4246 aliquot
755 4151 843 4228 locis
857 4155 903 4226 ab
919 4151 1070 4231 Ueserio
1087 4181 1171 4253 pro·

621 4271 683 4346 ba
