2716 4748
193 272 256 365 aas
394 334 397 339 .
529 266 888 345 Annomrronrs
976 285 999 341 .-

191 457 351 525 auctores,
368 444 528 534 accepisse
547 446 722 514 videantur.
760 449 880 548 'Itaque
899 445 953 513 hic
973 446 1122 527 fortasse,
1145 442 1230 514 sicut

192 531 280 611 alibi,
295 532 498 598 doctissimus
521 532 733 599 Rhenferdius
751 533 988 621 suspicionibus
1008 534 1131 601 suiset
1147 554 1227 599 cona

187 616 323 705 jacturis
338 640 357 683 e
372 618 532 684 vocabrdis
548 618 653 683 ductis
668 620 802 684 nimium
817 619 938 685 tribuit.

243 704 276 768 P.
298 720 362 783 191.
390 706 412 769 l.
428 724 459 785 9.
487 702 690 789 Mandu-talos]
723 707 761 769 In
785 704 887 769 tribus
914 703 1030 771 nostris
1059 704 1226 771 codicibus

191 785 284 853 Mar.
308 790 401 857 Med.
424 804 456 855 et
482 792 507 853 F
509 788 564 855 uk.
590 790 708 877 legitur
728 787 901 854 Marsaeus
923 803 1060 855 accentu
1080 790 1115 855 in
1137 804 1225 857 ante·

189 874 403 1023 ppnultimam
433 876 589 962 syllabam
617 876 748 941 re'eeto.
792 877 830 940 In
858 875 1004 941 indiculo
1031 874 1225 963 Hieronymi

233 961 366 1027 arbonei
379 961 528 1027 dicuntur
540 986 550 1038 ;
571 900 660 1046 apud
674 961 832 1025 Isidorum
846 983 919 1025 vero
933 961 1123 1027 Morbonei.
1162 960 1222 1027 ce-

190 1058 296 1110 terum
320 1045 354 1111 hi
378 1046 566 1111 Masbothei
592 1046 809 1130 distinguendi
834 1046 973 1110 suntab
998 1045 1062 1111 illis
1086 1058 1221 1133 quorum

190 1131 290 1216 paulo
308 1147 381 1198 ante
401 1132 546 1197 meminit
569 1131 785 1278 Hegesippus.
829 1131 877 1195 Hi
892 1131 978 1195 enim
992 1144 1086 1197 erant
1099 1154 1141 1197 ex
1155 1152 1223 1218 sep·

190 1229 257 1281 tem
274 1219 368 1282 sectis
383 1216 510 1283 Judaici
531 1236 644 1302 popur
668 1238 740 1301 quae
761 1215 847 1279 circa
870 1215 992 1281 Christi
1010 1230 1160 1303 tempora
1172 1238 1222 1305 ex-

191 1316 272 1367 ortae
288 1315 373 1366 sunt.
390 1316 395 1353 ἱ
408 1301 460 1365 11Ιὶ
473 1323 547 1365 vero
563 1324 602 1365 ex
617 1314 741 1387 septem
755 1300 818 1365 illis
831 1302 1021 1366 ludaeorum
1037 1303 1137 1367 sectis
1173 1324 1224 1367 ro·

190 1387 301 1473 pagati
315 1399 400 1465 sunt,
416 1386 546 1472 perinde
560 1410 597 1451 ac
617 1386 805 1465 Simoniani,
819 1386 1014 1451 Dositheani·
1026 1401 1127 1473 atque
1172 1450 1175 1455 ,
1193 1410 1223 1451 τι
1238 1414 1246 1421 ·

189 1471 290 1537 theni.
309 1472 384 1553 (vid.
397 1495 428 1558 p.
438 1478 520 1555 200.)
545 1472 633 1537 Mihi
648 1470 777 1559 quidem
794 1472 946 1536 mendum
959 1473 1092 1537 subesse
1103 1472 1224 1539 videtur

189 1556 223 1622 in
235 1557 389 1627 alterutro
402 1559 583 1645 Hegesippi
594 1559 679 1623 loco.
701 1556 801 1644 Apud
814 1558 965 1623 Rufinum
977 1558 1168 1639 Masbutbei
1177 1558 1223 1625 di·

190 1644 362 1709 cunturilli
377 1644 487 1709 interl
491 1644 620 1709 udaicas
631 1656 732 1708 sectas
749 1659 863 1729 quarto
879 1643 952 1709 loco
968 1644 1141 1712 numerati.
1159 1643 1224 1713 Alii

188 1752 265 1795 ¹vero
280 1752 319 1793 ex
341 1730 403 1794 illis
426 1730 575 1816 prognati
595 1729 690 1795 sectis
712 1729 864 1793 dicuntur
887 1729 1133 1797 Masbutheani.
1174 1728 1225 1795 Sic

192 1815 278 1878 enim
291 1815 440 1880 scribitur
451 1814 483 1878 in
495 1815 619 1900 optimo
630 1815 743 1880 codice
756 1814 937 1881 Parisiensis
948 1815 1117 1881 Ecclesiae.
1132 1816 1225 1883 Ver..

190 1899 365 1963 Marassa.
380 1899 498 1986 legitur
513 1900 610 1965 etiam
624 1902 656 1965 in
672 1901 736 1965 cod.
753 1899 851 1966 Savil.
867 1922 925 1965 seu
940 1900 1031 1965 Bodl.
1065 1903 1226 1989 Favetquc

190 1985 297 2049 eidem
317 1987 481 2072 scripturae
499 1986 591 2051 locus
613 1986 700 2073 apud
716 1985 881 2051 Constitat.
896 1986 1009 2071 Apost.
1024 2008 1046 2051 a
1057 2008 1113 2051 me
1129 1986 1227 2055 modo

191 2087 475 2151 commemoratus,
500 2072 556 2136 ubi
582 2072 741 2155 Bacplbsrr
767 2072 867 2137 literis
890 2070 909 2136 ὅ
929 2085 962 2136 et
981 2102 1007 2158 μ
1026 2072 1228 2159 transpositis

75 2230 77 2247 Ι
190 2168 311 2220 extat:
331 2156 581 2224 Distinctionem
603 2171 712 2223 autem
733 2180 752 2222 a
769 2156 902 2223 Valesio
923 2157 1043 2223 factam
1064 2157 1149 2222 inter
1169 2156 1229 2223 bos

190 2240 371 2328 alterosque
383 2242 465 2307 viros
478 2243 519 2306 ab
534 2242 724 2329 Hegesippo
736 2242 776 2307 ad
791 2264 866 2329 pag.
876 2256 945 2307 200.
956 2254 1230 2309 commemoratos

190 2324 234 2389 im
261 2329 372 2392 robare
387 2328 511 2392 videtur
527 2328 737 2393 Rhenl'erdius
748 2331 790 2394 V.
801 2330 845 2392 D.
857 2327 957 2391 modo
972 2328 1100 2406 allatus,
1116 2328 1230 2414 quide

191 2349 304 2476 iisdem
320 2413 363 2477 ita
374 2414 479 2499 pergit
492 2415 629 2478 scribere
642 2416 673 2496 §.
682 2414 784 2478 xxxiv.
794 2413 897 2501 ejusd.
908 2414 1043 2478 Dissert.
1052 2435 1130 2477 cum
1142 2414 1235 2500 apud

193 2498 354 2564 Isidorum
377 2499 519 2586 aliosque
540 2500 610 2563 haeo
633 2500 729 2563 verba
754 2498 941 2563 invenisset:
967 2498 1146 2579 Morbooei,
1173 2522 1261 2567 seu.

190 2584 373 2664 Marbonei‚
391 2586 547 2670 (Scaliger
561 2578 739 2650 Mosbctlrer’
758 2585 903 2670 corrigit)
921 2584 1027 2649 dicunt
1048 2585 1152 2669 ipsum
1168 2608 1262 2650 ess?

194 2669 350 2735 Christum
367 2671 420 2757 qui
435 2671 534 2734 docuit
552 2670 622 2734 illos
637 2668 765 2734 inomni
779 2695 812 2734 re
827 2669 1044 2735 sabbatizare:
1070 2671 1135 2735 “A
1147 2671 1262 2735 Sab-

189 2763 212 2795 “
227 2756 327 2819 batho
339 2756 446 2841 igitur,
461 2756 578 2841 (inquit
589 2756 813 2839 Rhenferdius)
826 2755 915 2842 quod
927 2755 1060 2820 seorsim
1074 2778 1094 2819 a
1104 2757 1262 2822 caeteriu

192 2848 214 2879 “
228 2842 248 2904 J
252 2841 350 2904 udaeis
366 2842 586 2919 observabant,
600 2840 635 2904 id
648 2842 786 2905 nominis
800 2841 886 2906 nacti
902 2855 987 2919 sunt,
1002 2863 1079 2905 cum
1094 2863 1161 2906 non
1177 2864 1262 2906 ve-

190 2933 279 2989 “tus
302 2939 427 2989 tantum
446 2925 618 2991 Judaicum
641 2927 780 3012 septimi,
795 2926 849 2990 sed
871 2927 969 2991 etiarn
992 2948 1112 2990 novum
1134 2927 1239 3014 prim*

190 3010 291 3074 “diei
312 3011 518 3091 celebrarent,
541 3012 814 3099 quemadmodum
842 3012 925 3076 infra
944 3012 986 3076 de
1007 3013 1178 3077 Nazaraeis
1199 3034 1219 3079 e
1241 3061 1260 3069 -

191 3104 213 3136 “
230 3097 388 3162 Ebionitis
416 3098 561 3185 pluribus
593 3099 765 3184 probatum
795 3097 956 3177 dabimus,
985 3121 1067 3184 quos
1096 3098 1262 3165 eosder·

191 3188 214 3221 “
228 3183 321 3269 plane
336 3207 404 3248 esse
420 3184 590 3262 credimus,
606 3184 660 3269 qui
680 3183 733 3247 hic
755 3183 906 3248 dicuntur
927 3180 1141 3261 Masbothaei,
1156 3206 1262 3249 cur:

190 3275 213 3307 “
227 3291 302 3333 vero
323 3270 425 3333 simile
447 3271 488 3334 sit
508 3267 781 3356 quemadmodum
794 3269 900 3334 Judaei
916 3269 995 3332 olim
1012 3268 1199 3333 Gentilibus
1260 3320 1262 3327 .

191 3360 213 3392 “
229 3356 394 3418 Sabbatho
417 3354 668 3419 hebdomadario
692 3354 871 3418 Sabbatarii
893 3353 971 3419 dicti
992 3364 1077 3429 sunt,
1096 3351 1145 3417 ita
1167 3355 1262 3438 pr?¹

192 3446 214 3478 ‘⁶
230 3463 300 3502 mos
329 3440 526 3505 Christianos
554 3464 573 3504 a
596 3463 689 3518 novo,
714 3441 779 3503 imo
806 3438 926 3525 duplici
953 3436 1133 3516 sabbatho,
1153 3438 1262 3525 ipsis

192 3532 214 3565 “
228 3525 350 3589 Judaeis
380 3541 529 3604 rsuram)
555 3525 757 3589 Sabbatarios
785 3546 853 3587 esse
882 3523 1094 3610 appellatos.''
1123 3545 1158 3609 p.
1180 3540 1245 3603 93.

191 3611 240 3673 At
262 3610 373 3674 videsis
396 3611 575 3673 Semlerum
598 3610 756 3674 diversum
779 3608 857 3695 quid
879 3611 1062 3674 afferentem
1085 3608 1171 3673 infra
1188 3610 1238 3677 ad

191 3717 266 3781 pag.
283 3711 351 3759 2200.
390 3697 461 3759 lmo
483 3696 617 3781 dignum
634 3708 746 3759 notatu
761 3709 822 3774 est,
835 3697 978 3759 extitisse
993 3693 1080 3780 apud
1094 3694 1224 3761 Judaeus

193 3782 355 3866 oli1n‚qui
377 3805 395 3844 a
415 3782 537 3845 Judaeis
559 3781 635 3866 ipsis
657 3796 808 3866 tanquam
830 3781 957 3865 septimi
979 3779 1052 3856 diei,
1069 3801 1127 3842 scu
1147 3780 1220 3845 Sab-

192 3865 270 3944 bati,
292 3867 381 3929 nimii
403 3868 542 3929 cultores
564 3867 773 3931 habebantur.
817 3866 973 3929 Drusium
1002 3866 1058 3929 lib.
1086 3865 1218 3935 secundo

192 3951 244 4016 De
256 3952 354 4015 tribus
366 3951 651 4015 Sectishccloeorum
663 3951 801 4038 appello,
835 3952 867 4013 ui
884 3951 953 4014 haec
967 3951 1067 4014 affert.
1089 3956 1110 3989 ‘⁶
1124 3952 1220 4021 Musis

193 4046 215 4077 “
231 4038 325 4101 verba
340 4054 414 4100 sunt
428 4036 529 4100 Exod.
546 4037 585 4099 vi.
598 4055 627 4114 9.
644 4038 715 4100 Noa
737 3975 911 4123 egredietur
933 4036 1019 4099 homo
1042 4057 1059 4097 e
1080 4033 1143 4098 loco
1163 4057 1220 4109 suo.

192 4125 276 4186 “Ea
300 4123 441 4187 haeretici
462 4123 503 4185 ad
525 4122 664 4186 litteram
686 4122 860 4208 accipiunt,
898 4143 956 4186 uos
978 4120 1095 4184 refellit
1115 4134 1223 4195 auctor

192 4215 214 4248 “
228 4209 302 4275 libri
316 4209 446 4277 Misrok
460 4231 499 4309 ex
512 4208 691 4297 prophetis,
705 4208 762 4276 fol.
776 4219 825 4286 27.
841 4145 904 4275 col.
917 4208 970 4276 2.''
986 4227 1057 4294 cap.
1067 4228 1118 4273 xv.
1132 4227 1167 4295 p.
1178 4225 1225 4291 ns.
