<?xml version="1.0" encoding="UTF-8"?>
<!DOCTYPE html PUBLIC "-//W3C//DTD XHTML 1.0 Transitional//EN"
    "http://www.w3.org/TR/xhtml1/DTD/xhtml1-transitional.dtd">
<html xmlns="http://www.w3.org/1999/xhtml" xml:lang="en" lang="en">
 <head>
  <title>
</title>
<meta http-equiv="Content-Type" content="text/html;charset=utf-8" />
  <meta name='ocr-system' content='tesseract 3.04.00' />
  <meta name='ocr-capabilities' content='ocr_page ocr_carea ocr_par ocr_line ocrx_word'/>
</head>
<body>
  <div class='ocr_page' id='page_1' title='image "./reliquiaesacrae00routgoog_0400.png"; bbox 0 0 2716 4748; ppageno 0'>
   <div class='ocr_carea' id='block_1_1' title="bbox 318 681 825 781">
    <p class='ocr_par' dir='ltr' id='par_1_1' title="bbox 318 681 825 781">
     <span class='ocr_line' id='line_1_1' title="bbox 318 681 825 781; baseline 0.002 -3"><span class='ocrx_word' id='word_1_1' title='bbox 318 681 825 781; x_wconf 88' lang='lat' dir='ltr'><strong>POLYCRATES.</strong></span> 
     </span>
    </p>
   </div>
   <div class='ocr_carea' id='block_1_2' title="bbox 430 981 701 1021">
    <p class='ocr_par' dir='ltr' id='par_1_2' title="bbox 430 981 701 1021">
     <span class='ocr_line' id='line_1_2' title="bbox 430 981 701 1021; baseline -0.004 -14"><span class='ocrx_word' id='word_1_2' title='bbox 430 981 701 1021; x_wconf 45' lang='grc' dir='ltr'><strong>-φ--ᾳ</strong></span> 
     </span>
    </p>
   </div>
   <div class='ocr_carea' id='block_1_3' title="bbox 128 1181 1019 1420">
    <p class='ocr_par' dir='ltr' id='par_1_3' title="bbox 128 1181 1019 1420">
     <span class='ocr_line' id='line_1_3' title="bbox 128 1181 1019 1278; baseline 0.003 -23"><span class='ocrx_word' id='word_1_3' title='bbox 128 1183 165 1256; x_wconf 89' lang='lat' dir='ltr'><strong>S.</strong></span> <span class='ocrx_word' id='word_1_4' title='bbox 190 1181 467 1278; x_wconf 81' lang='lat' dir='ltr'><strong>Hrsaomrruus,</strong></span> <span class='ocrx_word' id='word_1_5' title='bbox 486 1185 568 1259; x_wconf 86' lang='lat' dir='ltr'><strong>Lib.</strong></span> <span class='ocrx_word' id='word_1_6' title='bbox 589 1186 651 1258; x_wconf 85' lang='lat' dir='ltr'><strong>De</strong></span> <span class='ocrx_word' id='word_1_7' title='bbox 673 1185 779 1259; x_wconf 81' lang='lat' dir='ltr'><strong>Viris</strong></span> <span class='ocrx_word' id='word_1_8' title='bbox 796 1182 1019 1276; x_wconf 82' lang='lat' dir='ltr'><strong>Illustribus,</strong></span> 
     </span>
     <span class='ocr_line' id='line_1_4' title="bbox 414 1321 731 1420; baseline 0.006 -28"><span class='ocrx_word' id='word_1_9' title='bbox 414 1347 492 1420; x_wconf 90' lang='lat' dir='ltr'><strong>cap.</strong></span> <span class='ocrx_word' id='word_1_10' title='bbox 507 1321 579 1394; x_wconf 86' lang='lat' dir='ltr'><strong>xlv.</strong></span> <span class='ocrx_word' id='word_1_11' title='bbox 597 1347 634 1420; x_wconf 90' lang='lat' dir='ltr'><strong>p.</strong></span> <span class='ocrx_word' id='word_1_12' title='bbox 651 1335 731 1412; x_wconf 89' lang='lat'>119.</span> 
     </span>
    </p>
   </div>
   <div class='ocr_carea' id='block_1_4' title="bbox 53 1455 1091 1608">
    <p class='ocr_par' dir='ltr' id='par_1_4' title="bbox 53 1455 1091 1608">
     <span class='ocr_line' id='line_1_5' title="bbox 53 1455 1091 1608; baseline -0.002 -37"><span class='ocrx_word' id='word_1_13' title='bbox 53 1455 407 1571; x_wconf 73' lang='lat' dir='ltr'><strong>,POLYCRATES</strong></span> <span class='ocrx_word' id='word_1_14' title='bbox 429 1495 674 1596; x_wconf 84' lang='lat' dir='ltr'>Ephesiorum</span> <span class='ocrx_word' id='word_1_15' title='bbox 697 1496 899 1597; x_wconf 90' lang='lat' dir='ltr'><strong>episcopus,</strong></span> <span class='ocrx_word' id='word_1_16' title='bbox 917 1522 1091 1608; x_wconf 78' lang='lat' dir='ltr'><strong>cumuae-</strong></span> 
     </span>
    </p>
   </div>
   <div class='ocr_carea' id='block_1_5' title="bbox 15 1619 1098 2965">
    <p class='ocr_par' dir='ltr' id='par_1_5' title="bbox 15 1619 1098 2965">
     <span class='ocr_line' id='line_1_6' title="bbox 54 1619 1092 1720; baseline 0.005 -28"><span class='ocrx_word' id='word_1_17' title='bbox 54 1619 143 1692; x_wconf 88' lang='lat' dir='ltr'><strong>teris</strong></span> <span class='ocrx_word' id='word_1_18' title='bbox 166 1619 343 1719; x_wconf 89' lang='lat' dir='ltr'><strong>episcopis</strong></span> <span class='ocrx_word' id='word_1_19' title='bbox 365 1621 476 1713; x_wconf 86' lang='lat' dir='ltr'><strong>Asiae,</strong></span> <span class='ocrx_word' id='word_1_20' title='bbox 495 1622 558 1720; x_wconf 94' lang='lat' dir='ltr'><strong>qui</strong></span> <span class='ocrx_word' id='word_1_21' title='bbox 577 1622 686 1719; x_wconf 81' lang='lat' dir='ltr'><strong>juxta</strong></span> <span class='ocrx_word' id='word_1_22' title='bbox 711 1622 907 1720; x_wconf 88' lang='lat' dir='ltr'><strong>quamdam</strong></span> <span class='ocrx_word' id='word_1_23' title='bbox 933 1637 1092 1699; x_wconf 89' lang='lat' dir='ltr'><strong>veterem</strong></span> 
     </span>
     <span class='ocr_line' id='line_1_7' title="bbox 27 1741 1093 1841; baseline 0.004 -28"><span class='ocrx_word' id='word_1_24' title='bbox 27 1741 360 1830; x_wconf 73' lang='lat' dir='ltr'><strong>¹consuetudinem</strong></span> <span class='ocrx_word' id='word_1_25' title='bbox 400 1770 485 1816; x_wconf 86' lang='lat' dir='ltr'><strong>eum</strong></span> <span class='ocrx_word' id='word_1_26' title='bbox 521 1742 663 1816; x_wconf 80' lang='lat' dir='ltr'><strong>Judaeis</strong></span> <span class='ocrx_word' id='word_1_27' title='bbox 703 1743 973 1841; x_wconf 86' lang='lat' dir='ltr'><strong>decimaquarta</strong></span> <span class='ocrx_word' id='word_1_28' title='bbox 1006 1744 1093 1817; x_wconf 83' lang='lat' dir='ltr'><strong>luna</strong></span> 
     </span>
     <span class='ocr_line' id='line_1_8' title="bbox 57 1864 1093 1965; baseline 0.002 -27"><span class='ocrx_word' id='word_1_29' title='bbox 57 1864 197 1939; x_wconf 80' lang='lat' dir='ltr'><strong>Pascha</strong></span> <span class='ocrx_word' id='word_1_30' title='bbox 229 1866 473 1957; x_wconf 82' lang='lat' dir='ltr'><strong>celebrabant,</strong></span> <span class='ocrx_word' id='word_1_31' title='bbox 509 1866 653 1965; x_wconf 85' lang='lat' dir='ltr'><strong>scripsit</strong></span> <span class='ocrx_word' id='word_1_32' title='bbox 692 1866 860 1942; x_wconf 86' lang='lat' dir='ltr'><strong>adversus</strong></span> <span class='ocrx_word' id='word_1_33' title='bbox 893 1865 1093 1960; x_wconf 86' lang='lat' dir='ltr'><strong>Victorem,</strong></span> 
     </span>
     <span class='ocr_line' id='line_1_9' title="bbox 57 1991 1094 2093; baseline 0.001 -27"><span class='ocrx_word' id='word_1_34' title='bbox 57 1992 267 2093; x_wconf 88' lang='lat' dir='ltr'><strong>episcopum</strong></span> <span class='ocrx_word' id='word_1_35' title='bbox 299 1992 522 2085; x_wconf 89' lang='lat' dir='ltr'><strong>Romanum,</strong></span> <span class='ocrx_word' id='word_1_36' title='bbox 551 1991 756 2092; x_wconf 89' lang='lat' dir='ltr'><strong>Epistolam</strong></span> <span class='ocrx_word' id='word_1_37' title='bbox 788 1992 1024 2092; x_wconf 74' lang='lat' dir='ltr'><strong>synodicam,</strong></span> <span class='ocrx_word' id='word_1_38' title='bbox 1052 1993 1094 2067; x_wconf 90' lang='lat' dir='ltr'><strong>in</strong></span> 
     </span>
     <span class='ocr_line' id='line_1_10' title="bbox 58 2117 1096 2220; baseline -0.003 -26"><span class='ocrx_word' id='word_1_39' title='bbox 58 2146 132 2218; x_wconf 91' lang='lat' dir='ltr'><strong>qua</strong></span> <span class='ocrx_word' id='word_1_40' title='bbox 153 2118 260 2194; x_wconf 83' lang='lat' dir='ltr'><strong>docet</strong></span> <span class='ocrx_word' id='word_1_41' title='bbox 277 2146 314 2193; x_wconf 88' lang='lat' dir='ltr'><strong>se</strong></span> <span class='ocrx_word' id='word_1_42' title='bbox 331 2120 497 2220; x_wconf 84' lang='lat' dir='ltr'><strong>Apostoli</strong></span> <span class='ocrx_word' id='word_1_43' title='bbox 522 2119 678 2193; x_wconf 77' lang='lat' dir='ltr'><strong>loannis</strong></span> <span class='ocrx_word' id='word_1_44' title='bbox 701 2130 738 2190; x_wconf 90' lang='lat' dir='ltr'><strong>et</strong></span> <span class='ocrx_word' id='word_1_45' title='bbox 758 2131 921 2191; x_wconf 90' lang='lat' dir='ltr'><strong>veterum</strong></span> <span class='ocrx_word' id='word_1_46' title='bbox 940 2117 1096 2193; x_wconf 91' lang='lat' dir='ltr'><strong>auctori-</strong></span> 
     </span>
     <span class='ocr_line' id='line_1_11' title="bbox 15 2240 1094 2342; baseline -0.002 -25"><span class='ocrx_word' id='word_1_47' title='bbox 15 2276 19 2281; x_wconf 94' lang='lat'>·</span> <span class='ocrx_word' id='word_1_48' title='bbox 57 2255 173 2317; x_wconf 89' lang='lat' dir='ltr'><strong>tatem</strong></span> <span class='ocrx_word' id='word_1_49' title='bbox 204 2244 332 2342; x_wconf 80' lang='lat' dir='ltr'><strong>sequi3</strong></span> <span class='ocrx_word' id='word_1_50' title='bbox 368 2242 441 2315; x_wconf 68' lang='lat' dir='ltr'><strong>¹¹de</strong></span> <span class='ocrx_word' id='word_1_51' title='bbox 463 2266 544 2339; x_wconf 68' lang='lat' dir='ltr'><strong>⁴qua</strong></span> <span class='ocrx_word' id='word_1_52' title='bbox 578 2242 657 2314; x_wconf 86' lang='lat' dir='ltr'><strong>haec</strong></span> <span class='ocrx_word' id='word_1_53' title='bbox 686 2265 801 2340; x_wconf 89' lang='lat' dir='ltr'><strong>pauca</strong></span> <span class='ocrx_word' id='word_1_54' title='bbox 835 2240 1094 2339; x_wconf 82' lang='lat' dir='ltr'><strong>excerpsimus.</strong></span> 
     </span>
     <span class='ocr_line' id='line_1_12' title="bbox 62 2361 1096 2468; baseline -0.004 -26"><span class='ocrx_word' id='word_1_55' title='bbox 62 2367 146 2442; x_wconf 85' lang='lat' dir='ltr'><strong>Nos</strong></span> <span class='ocrx_word' id='word_1_56' title='bbox 162 2369 277 2468; x_wconf 81' lang='lat' dir='ltr'><strong>igitar</strong></span> <span class='ocrx_word' id='word_1_57' title='bbox 293 2365 527 2442; x_wconf 76' lang='lat' dir='ltr'><strong>inviolabilem</strong></span> <span class='ocrx_word' id='word_1_58' title='bbox 543 2367 607 2438; x_wconf 79' lang='lat' dir='ltr'><strong>&amp;c</strong></span> <span class='ocrx_word' id='word_1_59' title='bbox 661 2361 755 2436; x_wconf 87' lang='lat' dir='ltr'><strong>Haec</strong></span> <span class='ocrx_word' id='word_1_60' title='bbox 772 2377 961 2463; x_wconf 89' lang='lat' dir='ltr'><strong>propterea</strong></span> <span class='ocrx_word' id='word_1_61' title='bbox 977 2365 1096 2464; x_wconf 91' lang='lat' dir='ltr'><strong>posui,</strong></span> 
     </span>
     <span class='ocr_line' id='line_1_13' title="bbox 59 2488 1097 2594; baseline -0.003 -28"><span class='ocrx_word' id='word_1_62' title='bbox 59 2504 104 2566; x_wconf 90' lang='lat' dir='ltr'><strong>ut</strong></span> <span class='ocrx_word' id='word_1_63' title='bbox 124 2492 314 2594; x_wconf 85' lang='lat' dir='ltr'><strong>ingenium</strong></span> <span class='ocrx_word' id='word_1_64' title='bbox 339 2506 375 2566; x_wconf 97' lang='lat' dir='ltr'><strong>et</strong></span> <span class='ocrx_word' id='word_1_65' title='bbox 404 2490 656 2565; x_wconf 89' lang='lat' dir='ltr'><strong>auctoritatem</strong></span> <span class='ocrx_word' id='word_1_66' title='bbox 682 2488 750 2561; x_wconf 89' lang='lat' dir='ltr'><strong>viri</strong></span> <span class='ocrx_word' id='word_1_67' title='bbox 778 2514 824 2562; x_wconf 88' lang='lat' dir='ltr'><strong>ex</strong></span> <span class='ocrx_word' id='word_1_68' title='bbox 852 2514 962 2587; x_wconf 91' lang='lat' dir='ltr'><strong>parvo</strong></span> <span class='ocrx_word' id='word_1_69' title='bbox 988 2515 1097 2589; x_wconf 89' lang='lat' dir='ltr'><strong>opus·</strong></span> 
     </span>
     <span class='ocr_line' id='line_1_14' title="bbox 60 2610 1096 2710; baseline -0.006 -19"><span class='ocrx_word' id='word_1_70' title='bbox 60 2617 146 2691; x_wconf 92' lang='lat' dir='ltr'><strong>culo</strong></span> <span class='ocrx_word' id='word_1_71' title='bbox 167 2617 453 2690; x_wconf 89' lang='lat' dir='ltr'><strong>demonstrarem</strong></span> <span class='ocrx_word' id='word_1_72' title='bbox 464 2613 492 2689; x_wconf 72' lang='lat' dir='ltr'><strong>b.</strong></span> <span class='ocrx_word' id='word_1_73' title='bbox 543 2612 686 2686; x_wconf 86' lang='lat' dir='ltr'><strong>Floruit</strong></span> <span class='ocrx_word' id='word_1_74' title='bbox 708 2610 933 2710; x_wconf 78' lang='lat' dir='ltr'><strong>temporibus</strong></span> <span class='ocrx_word' id='word_1_75' title='bbox 950 2623 964 2657; x_wconf 76' lang='lat'><em>⁰</em></span> <span class='ocrx_word' id='word_1_76' title='bbox 976 2611 1096 2686; x_wconf 86' lang='lat' dir='ltr'><strong>Severi</strong></span> 
     </span>
     <span class='ocr_line' id='line_1_15' title="bbox 61 2737 1098 2842; baseline -0.001 -27"><span class='ocrx_word' id='word_1_77' title='bbox 61 2741 255 2842; x_wconf 91' lang='lat' dir='ltr'><strong>Principis,</strong></span> <span class='ocrx_word' id='word_1_78' title='bbox 289 2741 415 2815; x_wconf 89' lang='lat' dir='ltr'><strong>eadem</strong></span> <span class='ocrx_word' id='word_1_79' title='bbox 450 2752 556 2814; x_wconf 82' lang='lat' dir='ltr'><strong>aetate</strong></span> <span class='ocrx_word' id='word_1_80' title='bbox 589 2766 661 2838; x_wconf 89' lang='lat' dir='ltr'><strong>qua</strong></span> <span class='ocrx_word' id='word_1_81' title='bbox 695 2738 889 2812; x_wconf 85' lang='lat' dir='ltr'><strong>Narcissus</strong></span> <span class='ocrx_word' id='word_1_82' title='bbox 923 2737 1098 2814; x_wconf 90' lang='lat' dir='ltr'><strong>Hieroso·</strong></span> 
     </span>
     <span class='ocr_line' id='line_1_16' title="bbox 61 2865 185 2965; baseline 0 -27"><span class='ocrx_word' id='word_1_83' title='bbox 61 2865 185 2965; x_wconf 86' lang='lat' dir='ltr'><strong>lymae.</strong></span> 
     </span>
    </p>
   </div>
   <div class='ocr_carea' id='block_1_6' title="bbox 104 3085 1101 3169">
    <p class='ocr_par' dir='ltr' id='par_1_6' title="bbox 104 3085 1101 3169">
     <span class='ocr_line' id='line_1_17' title="bbox 104 3085 1101 3169; baseline -0.004 -18"><span class='ocrx_word' id='word_1_84' title='bbox 104 3096 117 3126; x_wconf 86' lang='lat'><strong>¹</strong></span> <span class='ocrx_word' id='word_1_85' title='bbox 137 3090 211 3151; x_wconf 73' lang='lat' dir='ltr'><strong>Qua</strong></span> <span class='ocrx_word' id='word_1_86' title='bbox 230 3091 308 3169; x_wconf 86' lang='lat' dir='ltr'><strong>prius</strong></span> <span class='ocrx_word' id='word_1_87' title='bbox 325 3098 504 3168; x_wconf 85' lang='lat' dir='ltr'><strong>excerpserat</strong></span> <span class='ocrx_word' id='word_1_88' title='bbox 519 3086 672 3154; x_wconf 88' lang='lat' dir='ltr'><strong>Eusebius,</strong></span> <span class='ocrx_word' id='word_1_89' title='bbox 688 3106 722 3144; x_wconf 90' lang='lat' dir='ltr'><strong>ea</strong></span> <span class='ocrx_word' id='word_1_90' title='bbox 735 3106 770 3143; x_wconf 88' lang='lat' dir='ltr'><strong>ex</strong></span> <span class='ocrx_word' id='word_1_91' title='bbox 783 3085 834 3144; x_wconf 92' lang='lat' dir='ltr'><strong>illo</strong></span> <span class='ocrx_word' id='word_1_92' title='bbox 852 3087 1002 3166; x_wconf 84' lang='lat' dir='ltr'><strong>desumpta</strong></span> <span class='ocrx_word' id='word_1_93' title='bbox 1015 3091 1101 3148; x_wconf 87' lang='lat' dir='ltr'><strong>vertit</strong></span> 
     </span>
    </p>
   </div>
   <div class='ocr_carea' id='block_1_7' title="bbox 64 3191 1100 3272">
    <p class='ocr_par' dir='ltr' id='par_1_7' title="bbox 64 3191 1100 3272">
     <span class='ocr_line' id='line_1_18' title="bbox 64 3191 1100 3272; baseline 0 -21"><span class='ocrx_word' id='word_1_94' title='bbox 64 3191 269 3272; x_wconf 81' lang='lat' dir='ltr'><strong>Hieronymus.</strong></span> <span class='ocrx_word' id='word_1_95' title='bbox 309 3195 440 3272; x_wconf 89' lang='lat' dir='ltr'><strong>Apposui</strong></span> <span class='ocrx_word' id='word_1_96' title='bbox 457 3202 551 3250; x_wconf 88' lang='lat' dir='ltr'><strong>autem</strong></span> <span class='ocrx_word' id='word_1_97' title='bbox 565 3194 596 3248; x_wconf 91' lang='lat' dir='ltr'><strong>in</strong></span> <span class='ocrx_word' id='word_1_98' title='bbox 610 3192 792 3268; x_wconf 89' lang='lat' dir='ltr'><strong>sequentibus</strong></span> <span class='ocrx_word' id='word_1_99' title='bbox 806 3192 881 3249; x_wconf 90' lang='lat' dir='ltr'><strong>hanc</strong></span> <span class='ocrx_word' id='word_1_100' title='bbox 895 3192 1100 3270; x_wconf 84' lang='lat' dir='ltr'><strong>Hieronymia-</strong></span> 
     </span>
    </p>
   </div>
   <div class='ocr_carea' id='block_1_8' title="bbox 63 3290 1100 3477">
    <p class='ocr_par' dir='ltr' id='par_1_8' title="bbox 63 3290 1100 3477">
     <span class='ocr_line' id='line_1_19' title="bbox 63 3290 1100 3378; baseline 0.001 -23"><span class='ocrx_word' id='word_1_101' title='bbox 63 3317 131 3355; x_wconf 84' lang='lat' dir='ltr'><strong>narn</strong></span> <span class='ocrx_word' id='word_1_102' title='bbox 142 3300 302 3355; x_wconf 87' lang='lat' dir='ltr'><strong>versionem</strong></span> <span class='ocrx_word' id='word_1_103' title='bbox 316 3299 352 3355; x_wconf 90' lang='lat' dir='ltr'><strong>ad</strong></span> <span class='ocrx_word' id='word_1_104' title='bbox 362 3290 473 3366; x_wconf 75' lang='lat' dir='ltr'><strong>Graeca,</strong></span> <span class='ocrx_word' id='word_1_105' title='bbox 485 3317 543 3374; x_wconf 93' lang='lat' dir='ltr'><strong>quo</strong></span> <span class='ocrx_word' id='word_1_106' title='bbox 556 3297 667 3355; x_wconf 86' lang='lat' dir='ltr'><strong>facilius</strong></span> <span class='ocrx_word' id='word_1_107' title='bbox 682 3298 757 3354; x_wconf 91' lang='lat' dir='ltr'><strong>inter</strong></span> <span class='ocrx_word' id='word_1_108' title='bbox 771 3317 801 3354; x_wconf 92' lang='lat' dir='ltr'><strong>se</strong></span> <span class='ocrx_word' id='word_1_109' title='bbox 815 3298 999 3355; x_wconf 88' lang='lat' dir='ltr'><strong>conferantur</strong></span> <span class='ocrx_word' id='word_1_110' title='bbox 1012 3298 1100 3378; x_wconf 82' lang='lat' dir='ltr'><strong>Poly·</strong></span> 
     </span>
     <span class='ocr_line' id='line_1_20' title="bbox 64 3400 641 3477; baseline 0 -20"><span class='ocrx_word' id='word_1_111' title='bbox 64 3408 157 3457; x_wconf 86' lang='lat' dir='ltr'><strong>crates</strong></span> <span class='ocrx_word' id='word_1_112' title='bbox 171 3409 257 3475; x_wconf 87' lang='lat' dir='ltr'><strong>atque</strong></span> <span class='ocrx_word' id='word_1_113' title='bbox 270 3409 351 3457; x_wconf 86' lang='lat' dir='ltr'><strong>vetus</strong></span> <span class='ocrx_word' id='word_1_114' title='bbox 365 3400 421 3456; x_wconf 87' lang='lat' dir='ltr'><strong>ista</strong></span> <span class='ocrx_word' id='word_1_115' title='bbox 434 3401 641 3477; x_wconf 83' lang='lat' dir='ltr'><strong>interpretatio.</strong></span> 
     </span>
    </p>
   </div>
   <div class='ocr_carea' id='block_1_9' title="bbox 63 3500 1101 4217">
    <p class='ocr_par' dir='ltr' id='par_1_9' title="bbox 63 3500 1101 3898">
     <span class='ocr_line' id='line_1_21' title="bbox 103 3500 1100 3585; baseline 0.001 -23"><span class='ocrx_word' id='word_1_116' title='bbox 103 3500 118 3542; x_wconf 77' lang='lat'><strong>¹³</strong></span> <span class='ocrx_word' id='word_1_117' title='bbox 138 3504 280 3563; x_wconf 85' lang='lat' dir='ltr'><strong>Eusebius</strong></span> <span class='ocrx_word' id='word_1_118' title='bbox 295 3505 345 3563; x_wconf 89' lang='lat' dir='ltr'><strong>lib.</strong></span> <span class='ocrx_word' id='word_1_119' title='bbox 355 3526 382 3564; x_wconf 86' lang='lat' dir='ltr'><strong>v.</strong></span> <span class='ocrx_word' id='word_1_120' title='bbox 396 3508 469 3563; x_wconf 79' lang='lat' dir='ltr'><strong>H&#39;st.</strong></span> <span class='ocrx_word' id='word_1_121' title='bbox 482 3525 543 3584; x_wconf 90' lang='lat' dir='ltr'><strong>cap.</strong></span> <span class='ocrx_word' id='word_1_122' title='bbox 553 3508 601 3565; x_wconf 83' lang='lat'><strong>22.</strong></span> <span class='ocrx_word' id='word_1_123' title='bbox 615 3516 682 3585; x_wconf 88' lang='lat' dir='ltr'><strong>post</strong></span> <span class='ocrx_word' id='word_1_124' title='bbox 696 3514 950 3563; x_wconf 89' lang='lat' dir='ltr'><strong>commemoratum</strong></span> <span class='ocrx_word' id='word_1_125' title='bbox 963 3524 1022 3562; x_wconf 90' lang='lat' dir='ltr'><strong>una</strong></span> <span class='ocrx_word' id='word_1_126' title='bbox 1036 3525 1100 3563; x_wconf 91' lang='lat' dir='ltr'><strong>cum</strong></span> 
     </span>
     <span class='ocr_line' id='line_1_22' title="bbox 63 3590 1101 3694; baseline -0.001 -20"><span class='ocrx_word' id='word_1_127' title='bbox 63 3615 127 3674; x_wconf 81' lang='lat' dir='ltr'><strong>aliia</strong></span> <span class='ocrx_word' id='word_1_128' title='bbox 142 3616 284 3694; x_wconf 90' lang='lat' dir='ltr'><strong>episcopis</strong></span> <span class='ocrx_word' id='word_1_129' title='bbox 297 3613 490 3692; x_wconf 89' lang='lat' dir='ltr'><strong>Polycratem,</strong></span> <span class='ocrx_word' id='word_1_130' title='bbox 505 3590 541 3671; x_wconf 78' lang='lat' dir='ltr'><strong>de</strong></span> <span class='ocrx_word' id='word_1_131' title='bbox 554 3615 654 3672; x_wconf 89' lang='lat' dir='ltr'><strong>iisdem</strong></span> <span class='ocrx_word' id='word_1_132' title='bbox 669 3615 720 3682; x_wconf 91' lang='lat' dir='ltr'><strong>ait,</strong></span> <span class='ocrx_word' id='word_1_133' title='bbox 736 3613 766 3672; x_wconf 71' lang='lat' dir='ltr'><strong>sir</strong></span> <span class='ocrx_word' id='word_1_134' title='bbox 780 3640 809 3686; x_wconf 69' lang='grc' dir='ltr'><strong>γε</strong></span> <span class='ocrx_word' id='word_1_135' title='bbox 824 3610 872 3691; x_wconf 73' lang='lat' dir='ltr'><strong>pir</strong></span> <span class='ocrx_word' id='word_1_136' title='bbox 888 3615 1013 3694; x_wconf 69' lang='grc' dir='ltr'><strong>ἔγγραφος</strong></span> <span class='ocrx_word' id='word_1_137' title='bbox 1026 3617 1041 3678; x_wconf 76' lang='grc' dir='ltr'><strong><em>ἦ</em></strong></span> <span class='ocrx_word' id='word_1_138' title='bbox 1056 3618 1101 3682; x_wconf 69' lang='grc' dir='ltr'><strong>τῆς</strong></span> 
     </span>
     <span class='ocr_line' id='line_1_23' title="bbox 63 3714 1101 3799; baseline -0.002 -23"><span class='ocrx_word' id='word_1_139' title='bbox 63 3720 159 3784; x_wconf 68' lang='grc' dir='ltr'><strong>οἷς-ως</strong></span> <span class='ocrx_word' id='word_1_140' title='bbox 173 3722 206 3784; x_wconf 79' lang='grc' dir='ltr'><strong>εἷς</strong></span> <span class='ocrx_word' id='word_1_141' title='bbox 221 3721 288 3795; x_wconf 57' lang='lat' dir='ltr'><strong>ipius</strong></span> <span class='ocrx_word' id='word_1_142' title='bbox 302 3715 430 3780; x_wconf 62' lang='lat' dir='ltr'><strong>sarissa</strong></span> <span class='ocrx_word' id='word_1_143' title='bbox 451 3715 593 3799; x_wconf 56' lang='lat' dir='ltr'><strong>igboioiia,</strong></span> <span class='ocrx_word' id='word_1_144' title='bbox 607 3719 711 3783; x_wconf 74' lang='grc' dir='ltr'><strong><em>τούτους</em></strong></span> <span class='ocrx_word' id='word_1_145' title='bbox 726 3718 823 3783; x_wconf 61' lang='lat' dir='ltr'><strong>risisse</strong></span> <span class='ocrx_word' id='word_1_146' title='bbox 838 3714 943 3792; x_wconf 72' lang='grc' dir='ltr'><strong><em>ὄνομαςῖ</em></strong></span> <span class='ocrx_word' id='word_1_147' title='bbox 958 3715 1101 3786; x_wconf 62' lang='grc' dir='ltr'><strong><em>κατελέξα-</em></strong></span> 
     </span>
     <span class='ocr_line' id='line_1_24' title="bbox 63 3846 119 3898; baseline 0.071 -20"><span class='ocrx_word' id='word_1_148' title='bbox 63 3846 119 3898; x_wconf 73' lang='grc' dir='ltr'><strong>μιν,</strong></span> 
     </span>
    </p>

    <p class='ocr_par' dir='ltr' id='par_1_10' title="bbox 65 3921 1101 4217">
     <span class='ocr_line' id='line_1_25' title="bbox 105 3921 1101 4005; baseline -0.007 -19"><span class='ocrx_word' id='word_1_149' title='bbox 105 3932 118 3962; x_wconf 77' lang='lat'><em>⁰</em></span> <span class='ocrx_word' id='word_1_150' title='bbox 141 3926 200 3986; x_wconf 83' lang='lat' dir='ltr'><strong>Qui</strong></span> <span class='ocrx_word' id='word_1_151' title='bbox 213 3927 353 4005; x_wconf 86' lang='lat' dir='ltr'><strong>imperare</strong></span> <span class='ocrx_word' id='word_1_152' title='bbox 366 3927 456 4004; x_wconf 89' lang='lat' dir='ltr'><strong>coepit</strong></span> <span class='ocrx_word' id='word_1_153' title='bbox 469 3944 514 3983; x_wconf 87' lang='lat' dir='ltr'><strong>an.</strong></span> <span class='ocrx_word' id='word_1_154' title='bbox 530 3925 636 3982; x_wconf 85' lang='lat' dir='ltr'><strong>Christ.</strong></span> <span class='ocrx_word' id='word_1_155' title='bbox 652 3925 717 3982; x_wconf 87' lang='lat'><strong>193.</strong></span> <span class='ocrx_word' id='word_1_156' title='bbox 732 3932 761 3980; x_wconf 90' lang='lat' dir='ltr'><strong>et</strong></span> <span class='ocrx_word' id='word_1_157' title='bbox 774 3931 903 3980; x_wconf 89' lang='lat' dir='ltr'><strong>mortuus</strong></span> <span class='ocrx_word' id='word_1_158' title='bbox 917 3931 961 3978; x_wconf 88' lang='lat' dir='ltr'><strong>est</strong></span> <span class='ocrx_word' id='word_1_159' title='bbox 974 3940 1020 3980; x_wconf 86' lang='lat' dir='ltr'><strong>an.</strong></span> <span class='ocrx_word' id='word_1_160' title='bbox 1032 3921 1101 3979; x_wconf 85' lang='lat'><strong>211.</strong></span> 
     </span>
     <span class='ocr_line' id='line_1_26' title="bbox 65 4027 1101 4112; baseline -0.004 -24"><span class='ocrx_word' id='word_1_161' title='bbox 65 4031 168 4089; x_wconf 89' lang='lat' dir='ltr'><strong>Victor</strong></span> <span class='ocrx_word' id='word_1_162' title='bbox 182 4042 278 4090; x_wconf 88' lang='lat' dir='ltr'><strong>autem</strong></span> <span class='ocrx_word' id='word_1_163' title='bbox 292 4033 441 4112; x_wconf 88' lang='lat' dir='ltr'><strong>episcopus</strong></span> <span class='ocrx_word' id='word_1_164' title='bbox 456 4030 606 4088; x_wconf 75' lang='lat' dir='ltr'><strong>Romautu</strong></span> <span class='ocrx_word' id='word_1_165' title='bbox 623 4031 717 4087; x_wconf 89' lang='lat' dir='ltr'><strong>vivere</strong></span> <span class='ocrx_word' id='word_1_166' title='bbox 736 4029 852 4086; x_wconf 87' lang='lat' dir='ltr'><strong>desiisse</strong></span> <span class='ocrx_word' id='word_1_167' title='bbox 871 4027 1036 4106; x_wconf 89' lang='lat' dir='ltr'><strong>perhibetur</strong></span> <span class='ocrx_word' id='word_1_168' title='bbox 1049 4046 1101 4085; x_wconf 89' lang='lat' dir='ltr'><strong>au·</strong></span> 
     </span>
     <span class='ocr_line' id='line_1_27' title="bbox 65 4135 678 4217; baseline -0.002 -24"><span class='ocrx_word' id='word_1_169' title='bbox 65 4155 105 4193; x_wconf 80' lang='lat' dir='ltr'><strong>uo</strong></span> <span class='ocrx_word' id='word_1_170' title='bbox 123 4135 191 4205; x_wconf 85' lang='lat'><strong>197,</strong></span> <span class='ocrx_word' id='word_1_171' title='bbox 206 4137 316 4194; x_wconf 87' lang='lat' dir='ltr'><strong>decimo</strong></span> <span class='ocrx_word' id='word_1_172' title='bbox 331 4138 417 4194; x_wconf 86' lang='lat' dir='ltr'><strong>tertio</strong></span> <span class='ocrx_word' id='word_1_173' title='bbox 432 4137 476 4194; x_wconf 89' lang='lat' dir='ltr'><strong>sui</strong></span> <span class='ocrx_word' id='word_1_174' title='bbox 489 4137 678 4217; x_wconf 86' lang='lat' dir='ltr'><strong>episcopatus.</strong></span> 
     </span>
    </p>
   </div>
   <div class='ocr_carea' id='block_1_10' title="bbox 0 0 1382 4748">
    <p class='ocr_par' dir='ltr' id='par_1_11' title="bbox 0 0 1382 4748">
     <span class='ocr_line' id='line_1_28' title="bbox 0 0 1382 4748; baseline 0 0"><span class='ocrx_word' id='word_1_175' title='bbox 0 0 1382 4748; x_wconf 95' lang='lat' dir='ltr'><strong> </strong></span> 
     </span>
    </p>
   </div>
  </div>
 </body>
</html>
