2716 4748
162 269 226 339 180
497 264 862 337 mormonas

159 455 198 502 ac
214 433 350 503 Paulum
364 432 486 503 'Rome
502 457 701 538 pessos-csse
713 437 830 505 eodem
841 449 1004 526 tempore.
1024 438 1102 505 “Ac
1140 438 1210 515 rius

159 518 292 619 quirlem
330 521 424 589 robat
438 520 735 622 pah·testmronio;
756 522 894 589 alterum
909 545 986 623 vero
1000 524 1107 591 verbis
1156 526 1207 591 ἰο-Ι

158 606 400 757 annnam&
420 606 628 790 iiugdmiliriii
645 620 795 771 iiriifiii
805 608 1208 769 {angelinusAiiloetiwdffi

158 773 222 873 hoc
237 774 332 841 loco?
357 776 491 841 Fallrtnr
504 776 603 841 etiam
658 777 870 863 etsphrastea
885 777 965 843 dum
978 777 1207 866 Zephyrinum

158 880 229 946 ejus
242 860 288 925 rei
301 860 381 926 citat
400 873 577 926 auctorem.
612 860 751 927 Videtur
763 862 851 927 enim
867 861 987 947 legisse
999 861 1034 925 in
1048 861 1205 943 Eusebio

158 945 208 1007 nal
229 946 362 1033 {respiras
379 946 523 1028 Ῥωμαίων
540 945 662 1032 γεγονὼς
682 945 841 1021 hirmos.
865 948 879 1029 (
901 968 940 1010 ro
960 950 1043 1011 mal
1058 950 1204 1034 &copim

157 1029 302 1111 Ῥωμαίων
318 1029 441 1115 γιγονῶς
463 1029 634 1113 ἐπίσκοπον.)
674 1031 712 1094 ln
731 1028 869 1118 Synodo
933 1051 980 1094 m.
993 1030 1056 1095 sub
1070 1029 1206 1097 Gelasio

159 1113 220 1177 ΡΡ.
235 1112 306 1179 hoc
320 1115 473 1212 leguntur
486 1115 527 1180 de
543 1117 661 1179 Petro:
686 1114 745 1179 Cui
759 1115 836 1179 doto
849 1124 896 1179 cst
909 1115 1006 1181 etiarn
1019 1114 1153 1180 societas
1162 1116 1203 1187 B,

159 1196 276 1263 Pauli.-
302 1220 358 1287 qur
378 1221 441 1263 non
462 1199 592 1278 diverso,
613 1199 692 1263 sicut
713 1198 855 1263 haeretici
878 1199 1041 1287 garriunt,
1064 1200 1123 1265 sed
1143 1222 1206 1265 amo.

160 1291 304 1366 tempore,
319 1306 378 1351 uno
393 1284 555 1371 eodemque
569 1283 775 1372 die‚gloriosa
786 1293 884 1348 morte
897 1305 967 1364 cunr
977 1285 1074 1349 Petro
1084 1283 1121 1349 ia
1130 1282 1205 1351 urle

158 1364 257 1431 Romo
280 1367 336 1432 sul
359 1368 481 1433 Nerone
508 1367 681 1455 agonizans
710 1378 871 1450 coraustus
895 1378 953 1433 est.
989 1368 1203 1449 Vauasrus.

159 1451 382 1602 Hieronssrrus
395 1452 526 1553 quidem
538 1453 590 1518 De
602 1452 690 1518 Viris
697 1451 755 1519 lll.
763 1453 798 1517 in
808 1452 843 1518 S.
852 1451 966 1533 Paulo,
976 1473 1063 1518 anno
1073 1452 1203 1519 decimo

157 1549 274 1623 quarto
325 1559 429 1603 eroms
442 1537 558 1604 eodem
570 1537 622 1602 die
635 1552 790 1624 utrosque
803 1558 915 1625 passos
928 1558 999 1603 esse
1013 1536 1129 1609 uadit,
1147 1538 1203 1605 lu

182 1643 222 1687 ue
237 1622 410 1722 contigisse
424 1636 497 1702 29³⁰
510 1621 613 1701 lunii,
625 1622 807 1709 eodemque
829 1644 960 1708 prorsus
975 1642 1074 1701 anno,
1089 1623 1202 1691 statuit

157 1646 384 1772 lillemontrus
409 1729 485 1771 eum
507 1707 767 1796 Martyrologiis,
781 1720 816 1771 et
837 1704 973 1775 Chrono
1012 1706 1101 1791 apho
1123 1708 1203 1773 Bar·

157 1790 249 1867 baro,
261 1791 318 1876 qui
331 1813 370 1855 ex
380 1791 535 1855 Africano
549 1792 757 1878 Eusebioque
768 1805 803 1857 et
816 1790 887 1856 aliis
900 1812 960 1857 sua
971 1727 1203 1879 ilsumpsim

158 1874 326 1960 Scaligero
341 1874 374 1939 in
391 1875 548 1940 Thesauro
570 1898 630 1941 suo
652 1878 837 1960 Tempornm
850 1874 966 1941 editus.
1010 1874 1081 1941 Alii
1095 1875 1201 1942 diser..

158 1980 232 2023 sum
254 1957 340 2023 diem
360 1971 518 2038 statuunt,
532 1959 585 2025 hic
598 1974 649 2026 est
662 1961 731 2026 dies
746 1960 910 2026 Februarii
923 1973 974 2039 22,
989 1959 1139 2047 sylvium
1152 1981 1200 2027 se·

157 2042 226 2107 cuti
248 2044 282 2108 in
304 2044 488 2110 Laterculo.
531 2044 596 2109 Sed
615 2066 728 2111 eorum
751 2066 886 2111 numero
906 2046 1067 2110 loannem
1092 2044 1201 2115 Male*

154 2128 223 2192 lam
242 2126 397 2212 adpones,
419 2128 476 2214 qui
492 2127 622 2193 diversis
641 2130 732 2194 armis
754 2130 825 2194 haec
847 2143 932 2195 mart
955 2129 1002 2193 ria
1016 2128 1201 2216 aasignsre·

155 2224 244 2277 runt.
278 2211 355 2277 Vrd.
380 2212 549 2298 Chronogr.
567 2214 638 2300 ejus
659 2215 716 2279 lib.
731 2236 764 2279 x.
782 2235 816 2299 p.
828 2228 899 2279 331.
972 2228 1130 2300 tcumque
1151 2236 1197 2279 res

154 2296 265 2376 habet,
276 2318 328 2361 ma
354 2297 386 2361 ni
401 2299 560 2362 momenti
573 2311 648 2364 sunt
662 2299 707 2362 ob
719 2320 880 2363 summam
894 2318 1008 2363 eorum
1024 2299 1203 2384 antiquita*

156 2392 223 2445 tem
246 2403 322 2446 cum
366 2405 405 2446 oc
425 2381 578 2480 Dionysii
597 2383 829 2463 testimonium,
844 2395 916 2446 tum
930 2403 1005 2447 vero
1019 2381 1105 2447 illud
1119 2384 1198 2448 Ter·

154 2466 281 2531 tulliani
329 2467 364 2531 ui
390 2489 472 2552 pene
496 2488 567 2553 ejus
591 2467 723 2554 aequalis
749 2468 822 2545 fuit,
846 2467 874 2531 is
900 2468 997 2545 enim,
1024 2488 1104 2531 cum
1130 2467 1195 2533 dix·

151 2551 232 2616 'isset
247 2553 279 2616 in
294 2551 317 2615 li
343 2599 350 2615 .
366 2551 408 2616 iv.
423 2552 493 2617 adv.
508 2551 667 2616 Marcion.
682 2574 753 2636 cap.
768 2566 798 2614 5.
814 2560 845 2615 et
859 2554 990 2616 Petram
1009 2563 1040 2615 et
1058 2551 1197 2617 Paulum

155 2634 352 2722 euangelium
373 2636 525 2723 sangnine
546 2659 598 2701 suo
620 2637 648 2702 si
670 2648 781 2701 natum
803 2635 950 2700 Romanis
971 2635 1147 2723 reliquisse,
1163 2638 1198 2702 in

155 2720 317 2804 scorpiace
330 2743 390 2784 suo
405 2741 477 2866 calp.
493 2736 538 2785 15.
558 2721 614 2786 snb
668 2743 757 2784 arone
778 2720 863 2785 Petri
882 2722 1076 2808 martyrium
1090 2721 1196 2787 conti-

153 2804 240 2889 gisse
255 2805 400 2868 narravit.
453 2803 475 2866 d
489 2827 563 2869 vero
579 2806 839 2894 antiquissimum
853 2806 1000 2871 omnium
1015 2804 1205 2872 testimoni.

153 2910 210 2953 um
225 2901 274 2952 est
288 2887 440 2973 temporis
455 2889 611 2976 martyrii.

199 2974 234 3039 P.
251 2978 318 3052 169.
332 2972 355 3036 l.
367 2986 398 3037 3.
419 2973 572 3048 Ἐπιςολᾶς
593 2979 651 3061 γὰρ
671 2976 806 3061 ἀδελφῶν]
827 2974 941 3043 Codex
958 2975 1086 3039 Mazar-
1102 2972 1195 3041 Med.

154 3078 230 3124 cum
245 3058 361 3123 Fuket.
373 3079 485 3122 vocem
499 3061 557 3143 γὰρ
573 3059 765 3124 interserunt
777 3060 843 3124 hoc
856 3059 969 3124 modo.
992 3063 1125 3134 ἔπιςολὶς
1137 3063 1196 3147 γὰρ

153 3145 289 3227 ἀδελφῶν,
305 3142 374 3208 &a
406 3144 518 3229 Atque
541 3144 587 3208 ita
609 3144 817 3229 Nicephorus
840 3157 875 3209 et
896 3144 1042 3209 Rufinus.
1069 3144 1197 3211 Vana·

156 3249 254 3293 sius.
289 3228 452 3294 Omiserat
464 3232 522 3314 γὰρ
537 3229 585 3293 ed.
601 3227 707 3313 Steplr.
723 3249 781 3294 seu
794 3228 871 3295 edit.
885 3229 995 3314 prince
1017 3249 1044 3306 s,
1060 3227 1195 3293 codicem

153 3313 286 3399 Regium
300 3326 421 3392 secuta,
435 3314 626 3398 particulam
639 3326 749 3379 autem
764 3329 945 3399 agnoscunt
959 3335 976 3376 c
1037 3359 1047 3376 .
1061 3333 1195 3401 quoque

153 3396 246 3462 Bodl.
262 3411 296 3461 et
310 3397 451 3484 Norfola
492 3399 591 3463 Paulo
605 3410 681 3484 post
694 3395 778 3480 cinis
792 3397 836 3462 οὖν
851 3398 916 3462 cod.
931 3397 1025 3465 Bodl.

198 3481 282 3547 Ibid.
295 3480 318 3544 l.
331 3495 362 3557 7.
384 3487 406 3547 sl
421 3483 536 3546 nal-sois
548 3488 695 3567 Κυριακῶν
708 3485 904 3569 ῥαδιουργῆσαι
921 3481 1041 3564 &c.]0
1065 3480 1149 3547 inari
1159 3500 1195 3547 80

152 3567 199 3632 ait
219 3566 412 3645 Lardnerus,
434 3568 486 3631 De
506 3567 585 3632 Fide
605 3567 692 3632 Hirr.
715 3567 842 3654 Evang.
866 3569 901 3632 P.
915 3565 948 3631 ii.
970 3503 1078 3631 voli
1098 3582 1193 3633 c.12.

152 3651 364 3717 Marcionitas
379 3673 459 3731 esse,
473 3652 529 3738 qui
545 3652 597 3717 hic
613 3651 745 3718 crimine
759 3650 987 3736 corrumpendi
1000 3672 1109 3716 sacras
1120 3650 1193 3717 novi

152 3737 337 3801 testamenti
355 3737 539 3822 scripturas,
555 3737 619 3801 sive
641 3737 842 3816 Dominicas,
859 3748 1048 3822 arguantur.
1091 3734 1194 3835 Quod

152 3820 284 3908 quidem
299 3842 374 3886 vero
388 3822 492 3887 simile
506 3823 641 3900 videtur,
655 3843 730 3886 nam
749 3821 899 3887 Marcion
914 3820 983 3907 ipse
997 3820 1118 3887 nobilis
1132 3820 1193 3885 fal-

151 3905 253 3970 sarius
274 3919 353 3985 erat,
377 3921 410 3971 et
435 3905 570 3970 haeresin
593 3907 663 4004 ejus
684 3920 858 3992 aggressus
882 3920 932 3970 est
954 3904 1137 3993 Dionysius
1158 3905 1192 3970 iu

151 3989 288 4091 epistola
308 4012 367 4054 sua
386 3989 427 4053 ad
445 3991 721 4070 Nicomedrenses,
736 4004 773 4055 ut
790 3991 888 4057 docet
900 3988 940 4054 ad
955 4011 988 4075 p.
1003 4002 1073 4066 170.
1086 3992 1190 4059 Euse-

152 4076 237 4155 bruS,
250 4073 325 4153 ἄλλη
343 4075 370 4137 δὲ
389 4076 500 4153 innomi
513 4103 556 4150 τις
570 4081 642 4139 αὖτὲ
657 4079 731 4162 πρὸς
747 4073 922 4158 Νικομηδίας
935 4075 1058 4160 olonna,
1072 4078 1100 4139 ir
1113 4073 1131 4161 ᾖ
1143 4078 1190 4165 τήν

151 4160 316 4251 Μαρκίωνος
336 4159 440 4249 αἵρεσιν
459 4166 605 4245 πολεμῶν,
620 4166 660 4246 τῷ
678 4167 727 4240 τῆς·
746 4161 881 4251 ἀληθείας
902 4158 1067 4246 erupimus
1085 4159 1188 4227 mans.
