2716 4748
181 291 234 362 ru
252 295 387 363 susr.
404 262 626 387 usuum.
647 294 704 360 m
723 292 1001 362 nucnuusu.
1044 316 1106 386 331

72 469 126 527 τοῦ
142 462 227 550 τιμίῳ
249 465 361 547 αἵματι.
382 486 454 549 cap.
471 464 524 530 xii.
548 485 580 550 p.
600 478 669 530 282.
693 463 740 527 ed.
765 459 940 529 Delaruua.
991 465 1109 531 Itidem

74 547 111 612 S.
125 547 309 635 Cyprianus
322 549 355 614 in
369 550 476 635 Epist.
491 563 538 614 ιο.
552 549 602 614 vel
617 563 647 614 s.
662 570 736 614 cum
751 548 791 613 de
806 569 912 634 agone
931 564 1110 638 martyrum

73 630 218 712 dixisset,
234 634 376 699 Psett'oso
395 656 477 698 mors
499 633 568 698 lroec
588 644 634 698 est
656 656 729 720 quoe
747 634 823 697 emit
844 634 1112 700 immortalitatem

70 716 176 800 pretio
197 717 246 782 sui
266 718 439 806 sanguinis,
461 740 535 805 qaae
555 719 672 803 accepit
694 740 835 783 emonam
858 719 896 782 de
920 740 1112 785 consummo·

75 801 160 866 tione
173 802 310 883 virtutis,
326 803 435 869 statim
449 815 524 901 post
538 803 702 889 subjunxit
717 802 758 867 de
772 801 914 883 Christo,
927 805 974 868 Et
989 804 1043 890 qui
1053 820 1112 890 pro

74 885 161 950 nobis
174 898 303 951 mortem
317 887 411 953 smncl
424 887 510 967 uicit,
523 903 641 972 semper
655 887 751 952 vincit
770 887 802 952 ira
821 887 916 952 nolis.
959 889 1057 968 Airai,
1071 890 1112 955 de

74 972 272 1057 martyribus
295 972 340 1037 ait
362 974 396 1037 S.
413 973 553 1037 Joannes
574 973 607 1036 in
625 973 724 1058 Apoc.
742 973 795 1037 xii.
817 989 863 1037 11.
885 972 1012 1050 ἐνίκησαν
1029 975 1113 1039 αὐτὸν

78 1053 272 1139 (diabolum)
289 1058 334 1120 tut
348 1059 379 1120 τὸ
393 1057 466 1140 alpoz
482 1065 530 1121 τοῦ
544 1057 648 1145 ἀρνίου,
662 1059 710 1122 nal
725 1060 769 1121 διὰ
783 1057 829 1122 τὸν
843 1058 926 1143 λόγον
941 1063 988 1134 τῆς
1001 1084 1113 1147 μαρτυ-

74 1140 137 1226 plar
149 1144 252 1219 miscis,
267 1142 315 1204 sal
328 1146 377 1206 οὐκ
390 1141 540 1226 &dracas
552 1147 600 1220 τὴν
615 1144 710 1228 ψυχὴν
724 1147 813 1206 αὐτῶν
824 1139 895 1229 ἄχρι
909 1142 1043 1208 θανάτου.

120 1225 156 1289 Ρ.
168 1239 237 1303 295.
253 1226 275 1289 l.
288 1239 318 1290 s.
340 1227 373 1287 ‘fl
393 1229 417 1288 δ’
435 1228 503 1292 αὐτὸ
525 1227 598 1312 &c.]
617 1231 701 1293 Haec
715 1243 892 1313 sequuntur
910 1227 1020 1292 statim
1040 1242 1116 1315 post

75 1309 269 1388 Eusebiana,
284 1333 356 1396 quae
371 1309 404 1374 in
418 1311 589 1376 novissima
601 1312 808 1377 adnotatione
822 1311 981 1377 collocata
995 1327 1081 1378 sunt.

120 1392 205 1458 ibid·
220 1393 242 1458 l·
256 1409 287 1460 5.
309 1394 538 1476 Ἀλκιςιᾶδὶυγάς
553 1424 617 1466 τινος
633 1401 660 1470 ἓξ
672 1405 757 1458 airzi
771 1395 844 1543 &0ss
869 1396 1032 1483 Quoniam
1053 1397 1115 1462 (lu-

75 1476 168 1545 bium
188 1491 249 1559 est,
267 1494 376 1544 utrum
399 1479 495 1544 verba
516 1501 589 1578 quae
606 1494 796 1565 sequuntur,
838 1493 987 1629 esumpta
1008 1482 1118 1547 omnia
1156 1557 1160 1567 Ι

75 1562 142 1628 sint
154 1585 196 1627 ex
208 1563 474 1649 Lugdunensium
489 1565 635 1648 eprstola,
651 1578 687 1650 ty
712 1565 738 1628 is
755 1586 794 1628 ea
807 1564 924 1629 minori
949 1586 986 1630 us
1004 1565 1116 1652 impri·
1209 1626 1212 1631 .
1241 1588 1244 1593 ·

76 1647 197 1712 menda
215 1648 333 1713 curavi.
377 1647 499 1712 Eadem
514 1647 645 1733 quidem
663 1586 805 1713 Clironici
820 1648 983 1714 Posclrulis
998 1672 1055 1715 seu
1066 1652 1117 1716 A·

77 1730 257 1797 lccaadrini
277 1746 388 1798 auctor
407 1733 504 1796 habet
524 1733 565 1796 ad
585 1753 661 1818 pag.
673 1740 724 1798 26.
739 1735 791 1799 ed.
806 1734 983 1820 Ducangii,
1001 1734 1058 1800 sed
1077 1757 1118 1800 ex

77 1816 231 1895 Eusebio,
252 1817 285 1880 ni
305 1816 411 1895 fallor,
431 1816 534 1881 deseri
558 1830 602 1880 ts.
648 1817 825 1896 Ceterum,
868 1842 947 1884 uum
967 1819 1118 1887 Valesius

77 1913 176 1979 recte,
189 1914 227 1966 ut
239 1900 365 1987 opinor,
379 1901 476 1987 paulo
492 1837 576 1965 iniia
591 1903 774 1981 notavisset,
789 1903 864 1967 Alcr
886 1903 994 1969 isdem
1012 1904 1052 1989 (si
1072 1906 1119 1970 ita

76 2005 188 2051 revera
208 1985 391 2057 nominatus
411 1989 473 2067 est)
498 1986 731 2051 Montanistam
759 1988 1023 2074 distinguendum
1048 2011 1120 2056 esse

76 2068 121 2133 ab
138 2068 309 2145 Alcibiade
329 2070 393 2134 hoc
413 2070 606 2150 confessore,
622 2071 818 2157 Readingius
832 2071 953 2138 interea
971 2073 1041 2139 haec
1059 2075 1117 2141 ad-

76 2152 139 2233 dit,
160 2160 185 2194 “
200 2155 312 2220 Utcun
336 2177 376 2218 ue
402 2154 588 2219 Alcibiades
618 2154 671 2219 hic
698 2155 839 2221 diversus
865 2158 963 2222 fuerit
986 2160 1028 2223 ab
1054 2160 1118 2225 isto

78 2242 102 2278 ‘⁸
116 2260 158 2304 co
203 2239 311 2304 omine
364 2239 682 2316 ontanista,eundem
697 2252 805 2304 tamen
819 2262 960 2306 errorem
975 2243 1120 2308 hausisse

77 2329 102 2363 “
115 2323 146 2388 vi
187 2335 240 2388 tur
253 2324 294 2389 de
308 2324 498 2388 necessitate
511 2322 693 2387 abstinendi
709 2346 728 2387 a
742 2316 935 2410 quibusdam
949 2327 1041 2406 cibis,
1055 2328 1120 2393 vel·

77 2414 156 2472 “ut
175 2430 196 2473 a
213 2409 300 2472 malo
323 2408 480 2494 principio
503 2407 674 2473 conditis.''
720 2408 811 2474 Istud
829 2431 902 2473 vero
921 2410 962 2474 de
980 2411 1118 2477 Monta·

78 2491 172 2557 nistis
186 2491 316 2580 quidem
332 2515 352 2556 a
366 2493 446 2558 cibis
462 2505 592 2578 propter
611 2491 798 2579 hujusmodi
811 2515 941 2561 causam
955 2495 1119 2561 abstinen-

78 2576 167 2642 tibus
189 2577 252 2643 soli
272 2580 301 2642 E
322 2578 334 2643 i
356 2577 465 2655 hamo,
487 2577 548 2641 etsi
569 2577 657 2642 nulla
678 2578 801 2642 mentio
822 2578 893 2664 ejus
917 2579 1004 2646 facta
1026 2591 1077 2646 est
1099 2603 1120 2646 a

79 2661 271 2749 Readingio,
309 2684 327 2726 e
370 2674 434 2739 tur,
448 2663 481 2726 in
496 2683 537 2726 eo
552 2675 661 2726 tamen
678 2662 758 2727 alios
778 2684 890 2728 omnes
906 2677 1052 2731 auctores
1067 2687 1120 2730 re-

77 2745 250 2845 linquenti,
261 2746 349 2833 quod
360 2746 572 2811 foedissimum
584 2746 820 2811 Encratitarum
833 2748 1035 2835 aliorumque
1049 2750 1119 2816 lue-

78 2844 253 2896 retrcorum
267 2851 409 2896 errorem
424 2831 632 2895 Montanistis
646 2831 680 2895 in
693 2830 925 2898 Haeresixlviii.
935 2856 967 2897 n.
979 2847 1009 2898 8.
1021 2835 1120 2901 ascri-

78 2914 182 2996 beret,
198 2915 227 2980 si
244 2937 352 2980 revera
388 2915 508 2994 uidem,
522 2916 611 3001 quod
624 2915 675 2979 vix
688 2928 811 2981 certum
827 2930 887 2996 est,
903 2919 1120 2986 Montanistas

79 2999 132 3064 his
143 2999 302 3065 haereticis
316 2938 491 3064 inciuserit.
514 3002 660 3064 Fortasse
671 3013 780 3065 tamen
795 3002 866 3066 haec
878 3002 962 3067 facta
975 3015 1026 3069 est
1038 3003 1119 3070 divi-

80 3106 132 3149 nsc
151 3084 323 3150 voluntatis
342 3084 533 3170 significatio
548 3100 680 3170 propter
698 3086 971 3152 Montanistarum
987 3100 1122 3170 sectam,

80 3181 161 3234 tunc
181 3169 334 3256 primum,
349 3183 386 3233 ut
406 3168 564 3233 Eusebius
585 3169 692 3235 statim
707 3184 781 3254 post
796 3171 948 3249 ostendit,
962 3184 1122 3253 exortam,
1203 3199 1216 3223 x

81 3275 222 3340 namque
242 3253 384 3318 haeretici
405 3253 457 3317 isti
479 3275 519 3318 ex
534 3253 667 3340 jejuniis
682 3253 760 3333 suis,
774 3255 990 3341 xerophagiis,
1005 3257 1121 3323 statio·

80 3336 254 3424 tribusque,
270 3361 342 3424 quae
359 3349 475 3424 praeter
494 3337 641 3403 instituta
663 3338 831 3403 catholice
851 3340 994 3405 ecclesiae
1010 3342 1122 3408 obser-

80 3422 210 3501 vsbwt,
224 3422 352 3487 laudem
374 3443 527 3506 quaerere,
545 3435 579 3486 et
599 3422 774 3508 plurimum
797 3425 864 3488 sibi
879 3426 1022 3491 favorem
1043 3448 1121 3515 cap-

80 3519 150 3572 tare
169 3507 257 3571 soliti
277 3520 364 3571 sunt.
408 3508 462 3571 Ne
483 3506 584 3592 igitur
601 3505 779 3573 Alcibiadis
800 3510 983 3595 exemplum
1005 3511 1122 3600 aliqui·

79 3591 144 3656 bus
162 3591 246 3656 forte
263 3591 414 3655 fratribus
432 3592 584 3656 scandalo
603 3591 702 3670 fieret,
717 3593 808 3678 quasi
829 3593 883 3657 ille
903 3596 1120 3681 patrocinare·

79 3689 137 3740 tur
158 3676 444 3755 Montanistarum,
456 3676 658 3762 aliorumque
673 3675 899 3743 haereticorum
919 3692 991 3744 tum
1011 3695 1120 3747 scatu-

81 3759 246 3840 rientium,
261 3759 490 3846 superstitioni,
504 3760 673 3826 verisimile
687 3774 747 3840 est,
760 3762 856 3827 aliam
870 3763 973 3828 victus
994 3766 1045 3830 sui
1067 3789 1123 3831 or··

83 3843 215 3910 dinaodi
227 3844 384 3910 rationem
399 3843 461 3929 ipsi
475 3867 532 3930 per
543 3844 693 3911 Attalum
708 3845 857 3912 divinitus
868 3847 967 3913 fuisse
980 3848 1122 3935 impera·

19 4010 25 4017 ι
83 3944 164 3999 tem.
206 3932 258 3996 En
277 3944 385 3995 autem
405 3929 500 4015 plane
518 3930 664 4016 apposite
684 3930 760 3995 huic
777 3931 852 3996 loco
867 3932 912 3996 ita
927 3933 1122 4000 scribentem

82 4012 330 4095 Tertullianum,
347 4013 426 4078 dum
444 4013 548 4079 officia
568 4014 708 4079 caritatis
726 4014 758 4079 in
779 4017 894 4082 iratres
909 4017 1124 4086 incarceratos
1144 4065 1157 4088 1
1188 4052 1192 4056 ·

81 4097 130 4164 ita
153 4099 325 4184 exprobrat
344 4098 533 4178 catholicis3
554 4097 655 4164 Plane
676 4111 810 4165 cestrum
832 4113 877 4167 est
898 4104 931 4167 in
951 4103 1120 4173 seremiles

79 4183 215 4270 popinas
224 4183 365 4277 exbibete
376 4182 565 4271 martyribus
579 4184 714 4276 itwertis,
723 4208 762 4251 ae
773 4187 1018 4254 comaetadt‘aem
1031 4211 1121 4276 qure-
