2716 4748
263 262 326 347 13s
596 257 956 325 ouuornrronrs

263 429 391 495 Interea
403 427 445 492 de
456 426 552 507 libro,
566 430 617 502 Εῐς
631 427 664 491 rl
678 427 787 506 πάθος,
801 427 955 493 Melitoni
969 427 1143 493 abeodem
1157 425 1301 493 Anasta·

262 513 313 579 eio
334 512 475 600 ascripto
497 525 636 590 constat,
655 533 733 577 cum
753 533 794 577 ex
816 511 876 577 illo
899 525 1032 578 auctore
1052 526 1124 578 tum
1149 533 1191 577 ex
1215 513 1300 592 loeo,

263 620 362 685 quem
383 619 424 663 ex
443 597 597 663 Thesauro
618 597 720 661 MSto
740 597 868 662 Nicetae
890 597 1062 665 Choniatre
1082 598 1229 677 offeram,
1243 597 1300 663 lto·

262 683 368 748 bitum
378 704 450 748 esse
463 682 640 769 antiquitus
653 681 774 746 librum
788 681 881 747 illum
896 704 955 769 pro
969 683 1114 783 genuino
1128 682 1217 768 apud
1231 704 1306 747 oms·

261 789 320 919 pes
339 768 463 834 diversa
483 782 649 854 utcunque
671 766 855 847 sentientes,
875 766 1108 855 hereticosque
1130 780 1167 833 et
1185 766 1299 833 ottho·

284 874 376 921 oxos.

316 939 351 1003 P.
378 942 445 1002 116.
470 935 565 1001 1.1o.
594 940 609 998 ὁ
636 935 710 1010 Θεὸς
732 933 872 1000 elersen
898 938 949 1000 ὑπὸ
979 936 1053 1020 &c.]
1085 935 1214 1001 Attulit
1239 936 1301 1001 boc

263 1021 454 1087 Anastasius
477 1022 560 1087 inter
581 1020 765 1086 testimonio
787 1043 861 1107 quae
884 1020 1062 1108 prodebant
1080 1021 1301 1087 Theodosioni

264 1119 298 1173 et
321 1107 491 1185 Goionitae,
514 1121 551 1171 ut
576 1106 759 1192 probarent,
776 1105 884 1192 ipsum
906 1108 1003 1170 etism
1026 1106 1136 1171 Deum
1154 1106 1301 1171 Verbum

264 1215 341 1257 cum
356 1213 451 1257 carne
464 1213 523 1257 sua
536 1190 677 1276 passioni
690 1190 787 1256 fuisse
802 1190 991 1269 obnoxium,
1004 1188 1168 1264 Μολίτανος
1186 1191 1300 1255 trusl-

264 1296 304 1340 πθ
326 1275 467 1364 Σάρδεων,
485 1279 517 1339 ἐκ
538 1281 575 1338 τοῦ
593 1275 681 1360 λόγον,
704 1279 741 1349 εἰς
761 1278 793 1339 τὸ
811 1276 911 1350 πάθος·
938 1274 1055 1341 &Eoi
1076 1274 1221 1339 πέπονθα
1244 1276 1300 1341 dte.

263 1363 349 1427 Tum
363 1374 520 1447 preterea
531 1360 679 1425 laudatus
690 1374 740 1425 est
753 1359 806 1424 hic
821 1360 993 1427 versiculus
1008 1382 1029 1424 o
1041 1359 1161 1425 Niceto
1177 1358 1301 1425 Cboui·

263 1447 366 1511 atain
382 1445 535 1511 Thesauro
555 1468 614 1510 suo
637 1443 823 1524 Orthodooo,
837 1446 894 1532 qui
914 1447 1030 1509 Graece
1049 1443 1158 1509 adhuc
1176 1445 1214 1509 in
1231 1444 1300 1509 bib-

263 1531 412 1621 liotlrecie
426 1531 515 1612 latet,
528 1544 561 1596 et
582 1529 676 1618 cujus
697 1529 838 1617 quinque
859 1542 984 1595 tontum
1003 1529 1077 1594 libri
1093 1528 1213 1595 latine
1225 1529 1301 1594 editi

264 1631 350 1682 sunt.
379 1617 441 1681 'Sic
461 1616 612 1681 nimirum
633 1616 666 1679 in
681 1614 804 1680 Codice
821 1613 1034 1680 Bibliothecae
1047 1615 1230 1694 Vaticanae,
1243 1636 1300 1679 uu·

264 1724 355 1767 mero
369 1708 426 1765 64³
442 1700 622 1787 designato,
638 1699 671 1763 in
692 1721 832 1786 ususque
854 1720 946 1765 meos
966 1698 1125 1800 inspecto,
1144 1721 1215 1786 quo
1232 1699 1301 1785 qui·

264 1786 339 1867 dem
360 1785 544 1850 continetur
565 1784 692 1850 Nicetae
710 1806 804 1870 opus,
823 1784 992 1851 Melitonis
1012 1784 1099 1849 istud
1120 1784 1301 1869 presertim

265 1871 367 1935 Libro
384 1870 511 1934 Nicetae
530 1884 563 1933 13
581 1895 590 1935 z
611 1868 771 1944 Μολίτοννος
790 1868 927 1956 Scipione
959 1871 998 1935 ‘O
1012 1871 1085 1944 Θνός
1098 1868 1242 1933 vlrorbrr
1253 1871 1302 1932 riri

265 1952 356 2032 δοξῖας
380 1953 587 2037 Ἰσραηλῦτνῦος·
625 1952 840 2041 σροῦᾶλλοντας
864 1954 892 2019 δὲ
921 1953 1077 2041 (loquitur
1100 1954 1240 2019 Nicetes
1262 1952 1303 2017 de

265 2038 438 2120 haereticis,
446 2040 504 2127 qui
517 2038 763 2124 Theopaschitae
779 2038 936 2105 nominati
950 2040 1039 2122 sunt)
1056 2037 1102 2117 sul
1112 2036 1199 2103 ἄλλα
1208 2043 1302 2103 πολλοὶ

264 2130 392 2194 τοιαῦτα·
414 2126 488 2210 πρὸς
505 2124 608 2187 ,πάντα
627 2124 654 2187 δὲ
672 2127 735 2205 ἡμῖν
748 2122 802 2206 μία
816 2124 897 2198 >sisu
908 2125 1033 2210 ἂραέσεν,
1051 2124 1130 2207 φησὶν
1143 2123 1303 2207 &Scibam

265 2207 425 2317 l'pnpdpsos·
442 2286 444 2290 .
460 2210 550 2291 μήπου
572 2210 619 2271 τὸν
639 2211 778 2293 λογισμὸν
799 2209 934 2295 densim,
953 2208 1028 2291 aluo
1049 2214 1126 2273 Θεοῦ
1145 2208 1303 2281 sceleribu

263 2297 370 2357 ἇκνναν
391 2291 438 2371 καὶ
457 2294 591 2372 θάνατον,
604 2293 694 2374 μήπου
713 2292 900 2380 assertrix-3325
919 2293 1019 2370 ἀθέως,
1040 2296 1076 2367 οῦς
1094 2292 1305 2378 Θυσυνῆγοραςε

268 2378 338 2458 (ubi
356 2378 581 2465 corrigendum
602 2400 642 2441 ex
663 2377 750 2442 edito
766 2379 928 2463 Gregorio
950 2391 985 2442 et
1004 2380 1104 2443 MSto
1124 2377 1303 2442 Bodleiano

254 2461 379 2548 'Operis
393 2463 525 2542 lllrcetae,
541 2468 605 2528 Θεοῦ
619 2464 775 2549 συνήγορος,
791 2462 881 2527 locus
896 2463 981 2526 enim
996 2464 1028 2527 in
1048 2463 1138 2527 Orat.
1150 2474 1203 2526 42.
1223 2464 1304 2527 Gre-

263 2548 453 2634 goriiNaz.
474 2561 562 2614 extat
582 2570 614 2633 p.
629 2554 699 2626 690.
718 2562 798 2613 tom.
812 2549 838 2611 I.
858 2548 910 2611 ed.
932 2549 1042 2629 Paris.)
1092 2546 1157 2611 Sed
1179 2562 1215 2613 et
1235 2550 1303 2611 Eu-

263 2632 408 2719 thymius
423 2632 608 2717 Zigabenus
619 2632 652 2695 in
665 2632 830 2717 Ρανιορίἱα,
841 2632 868 2696 si
881 2635 963 2697 bene
978 2631 1122 2712 memini,
1134 2631 1308 2696 Melitonis

263 2716 455 2782 versiculum
469 2717 613 2783 adduxit.

309 2800 393 2864 Ibid.
407 2801 431 2865 l.
447 2815 492 2865 10.
516 2808 529 2865 ὁ
548 2804 622 2875 Θεὸς
639 2799 790 2883 πέπονθεν]
810 2802 917 2865 Locus
931 2800 1077 2886 insignia,
1093 2800 1134 2865 ad
1149 2821 1247 2887 quem
1264 2799 1305 2862 il·

264 2885 465 2952 lustrandum
485 2886 556 2950 vide
577 2888 620 2950 sis
664 2907 714 2948 uae
733 2906 771 2947 su
795 2884 890 2949 erius'
902 2885 1125 2951 adnotavimus
1140 2886 1173 2950 in
1194 2884 1305 2948 Prole-

265 2992 357 3056 gom.
372 2992 442 3056 cap.
457 2972 484 3034 Ι.
502 2975 531 3054 ᾗ.
544 2970 607 3034 viii.
629 2992 652 3033 u
676 2970 685 3031 i
706 2968 747 3032 de
767 2906 889 3033 Christi
909 2970 1073 3035 divinitate
1087 2969 1304 3034 luculentissi-

265 3077 356 3129 mum
372 3057 592 3120 testimonium
607 3065 861 3139 propugnamus,
873 3055 962 3138 quod
977 3055 1117 3119 occurrit
1130 3055 1161 3117 in
1176 3054 1212 3117 S.
1226 3053 1304 3119 Cle·

265 3141 381 3205 mentis
407 3141 542 3204 Romani
565 3140 669 3224 Epist.
693 3154 720 3202 1.
745 3139 787 3202 ad
813 3138 1000 3203 Corinthios
1026 3161 1097 3224 cap.
1119 3138 1153 3202 ii.
1182 3140 1245 3220 (καὶ
1266 3141 1305 3201 rol

264 3227 423 3308 παθήματα
442 3229 526 3288 αῦτοῦ
551 3232 612 3308 (τοῦ
634 3226 722 3305 Θεοῦ)
742 3222 773 3300 ἦν
789 3224 848 3308 πρὸ
869 3227 1021 3305 ὀφθαλμῶν
1042 3227 1142 3306 imur).
1178 3224 1305 3288 Verum

264 3325 381 3396 praeter
396 3311 609 3387 Clementem,
623 3309 702 3372 alios
724 3308 820 3371 etiarn
843 3322 949 3393 patres
971 3309 1194 3395 apostolormn
1217 3308 1304 3373 aetati

265 3415 418 3481 suppares
440 3395 485 3457 ito
506 3393 604 3456 luisse
626 3393 763 3469 locutos,
785 3406 900 3456 testem
926 3393 1083 3458 habemus
1105 3393 1305 3479 locupletem

266 3480 300 3542 S.
319 3478 483 3563 lgnatium
506 3493 692 3562 martyrem,
708 3478 763 3562 qui
784 3478 817 3541 in
834 3478 939 3563 Epist.
959 3478 1000 3542 ad
1022 3477 1173 3563 Ephesios
1192 3478 1305 3563 capi.

267 3564 314 3628 sic
328 3563 449 3638 scribit,
463 3559 594 3641 Μνμητοῦ
606 3560 677 3634 ὄντες
695 3566 781 3640 Θεοῦ,
799 3564 1058 3649 ἀναζωπυρήσαντος
1072 3569 1099 3626 ἐν
1112 3565 1214 3645 αἵματι
1227 3567 1304 3627 Θεοῦ

266 3674 297 3711 κ.
306 3674 333 3711 r.
344 3663 373 3710 λ.
414 3647 517 3730 Quum
531 3645 594 3710 Dei
614 3645 683 3710 sitis
701 3645 881 3725 imitatores,
895 3647 1067 3712 excitantes
1086 3661 1213 3730 vesper
1232 3668 1307 3712 sarr·

264 3731 469 3817 guinem'Dei
486 3731 544 3794 &c
583 3733 633 3795 Ita
654 3731 804 3796 nimirum
824 3733 926 3796 locuti
941 3747 1069 3817 patrum
1083 3731 1306 3810 vetustissimi,

266 3817 308 3880 ab
323 3816 487 3901 Apostolo
504 3817 613 3880 Paullo
628 3816 735 3881 edocti
745 3817 940 3883 Act.xx.28.
959 3819 1180 3881 Gnscsnur.
1205 3817 1306 3903 Prop-

266 3913 316 3965 ter
328 3902 480 3965 unionem
495 3901 581 3965 enim
595 3916 717 3965 naturae
732 3900 881 3965 humanae
896 3923 972 3966 cum
990 3902 1096 3966 divinit
1112 3901 1158 3964 ita
1177 3922 1306 3986 semper

269 3985 443 4050 Christiani
463 3986 563 4050 locuti
578 3999 662 4049 sunt.
706 3986 815 4050 Quam
834 3986 966 4071 quidem
987 3988 1139 4050 unionem
1162 3985 1306 4049 arctissi-

266 4092 352 4136 mam
375 4071 461 4134 haud
482 4071 538 4134 diu
559 4082 634 4154 post
654 4070 823 4135 Melitonis
846 4083 992 4156 tempora
1007 4070 1056 4134 his
1069 4070 1170 4135 verbis
1190 4084 1307 4135 notatu

266 4155 462 4244 dignissimis
477 4154 634 4240 Origenes
648 4153 795 4240 signavit.
819 4154 920 4238 ’Όμοος
934 4157 961 4220 δὲ
974 4155 1079 4232 leucas
1093 4161 1117 4221 ol
1131 4159 1307 4242 ἐγκαλοῦντες
