2716 4748
448 292 500 370 m
522 288 880 356 escensionem.
1119 304 1181 376 ιιι
1277 258 1280 264 ’

150 460 370 546 συντεταγμένος
389 464 464 548 αὐτῷ
482 461 563 548 λόγος
578 463 645 548 οτεμὶ
661 466 708 525 τοῦ
722 459 871 544 λεγομένω
885 462 960 524 κατὰ
973 456 1081 546 Hirpos
1096 464 1184 546 εὐαγ-

149 547 257 633 γελίου·
281 547 309 612 δν
329 547 478 624 σετοῖητας
499 547 668 632 ἁπελέγχων
686 552 723 611 τοὶ
743 550 846 623 ψευδῶς
860 552 886 610 ἐν
900 550 975 645 abre?
992 545 1126 633 tiferninus,
1140 546 1186 613 διῖι

150 657 227 707 τινας
247 637 272 696 ἐν
291 640 324 720 τῇ
346 638 420 697 κατὰ
434 635 555 697 Ῥωσσὸν
571 633 720 720 nepotulos,
738 634 827 713 (urbs
842 646 890 696 est
907 631 1040 709 Clllciae‚
1055 650 1186 699 notante

151 718 283 783 Valesio
298 720 338 783 ad
354 719 495 783 dextram
512 721 701 784 intrantibus
719 720 851 783 lssicum
867 717 984 795 sinum,
997 734 1030 782 et
1045 717 1098 780 alii
1114 719 1187 805 qui·

119 829 120 832 ¹
150 801 224 865 dem
243 828 315 868 cum
333 804 469 889 simplici
485 831 503 867 ο
519 806 670 880 scribunt,
683 806 764 868 inter
781 827 861 890 quos
877 818 926 870 est
940 804 1120 890 Stephanus
1136 805 1187 869 De

146 888 297 965 Urbibus,
320 904 353 953 et
370 890 583 954 Theodoritus
604 891 635 954 in
658 889 811 976 Religiosa
836 889 987 965 Historia,
1002 911 1073 975 cap.
1092 905 1138 953 10.
1153 901 1187 955 et

154 977 216 1054 lt.)
241 975 383 1060 προφάσει
401 981 447 1050 τῆς
467 974 601 1062 εἰρημένης
622 983 741 1063 γραφῆς,
765 981 801 1050 εἰς
822 975 984 1062 ἑτιμοδόξους
1006 975 1190 1051 διδασκαλίας
1272 981 1278 988 “

151 1058 364 1133 ἄτοκιίλαντας·
388 1063 433 1138 ἀφ’
453 1061 483 1124 οὗ
505 1060 617 1146 εὔλογον
639 1063 778 1148 βραχείας
796 1061 972 1145 napa-‘liobae
992 1061 1089 1139 λέξεις,
1104 1062 1136 1124 δι’
1151 1058 1187 1124 br

151 1143 182 1221 liu
198 1145 258 1230 εἶχε
272 1147 340 1232 oripi
355 1151 391 1208 τὲ
406 1143 504 1224 biblis
517 1147 627 1231 γνώμην
641 1145 809 1243 expetesso
825 1146 880 1208 bru
894 1147 1017 1234 γράφον·
1039 1145 1189 1214 ἨΜΕΙΣ

149 1231 211 1314 γὰρ
225 1232 335 1308 ἀδελφοὶ
353 1231 411 1294 bec.
452 1233 546 1296 Porro
569 1232 743 1316 Serapionis
762 1229 862 1293 muita
883 1232 1007 1316 quidem
1028 1230 1093 1295 ulia
1116 1231 1188 1296 doe-

153 1313 250 1378 trinoe
263 1328 461 1380 monumento
481 1333 572 1400 penes
590 1315 668 1381 ubios
683 1327 805 1380 exstare
820 1314 963 1378 credibile
977 1327 1032 1378 est.
1074 1318 1123 1381 Ea
1138 1329 1188 1382 tu·

152 1421 222 1464 rnen
236 1401 278 1464 ad
298 1425 351 1466 nos
373 1403 527 1467 duntaxat
548 1413 761 1489 pervenerunt,
777 1424 850 1487 quce
864 1400 985 1484 scripsit
1000 1402 1043 1464 ad
1055 1402 1188 1467 Domni-

150 1506 227 1548 num
247 1487 409 1572 quemdum
433 1490 487 1575 qui
508 1488 724 1572 persecutionis
747 1497 879 1570 tempore
901 1508 920 1550 a
931 1485 1001 1572 fide
1017 1487 1134 1551 Christi
1147 1488 1191 1554 ad

150 1569 335 1635 Jottaeorom
360 1574 605 1659 superstitionem
632 1573 827 1638 desciuerat:
859 1574 938 1635 Itern
965 1571 1023 1635 itta
1051 1595 1124 1669 quoe
1147 1573 1191 1638 ati

152 1656 300 1720 Pontium
312 1669 343 1721 et
359 1659 501 1724 Curicum
517 1659 733 1724 ecclesiasticos
749 1658 828 1722 viros
843 1656 1003 1721 erarauit:
1020 1657 1098 1720 abore
1112 1680 1189 1743 quo·

152 1763 213 1826 que
235 1744 276 1805 ati
297 1743 375 1808 aiios
396 1740 548 1892 epistolae.
585 1749 744 1809 Praeterea
764 1743 840 1807 biber
859 1743 897 1806 de
916 1741 1074 1891 euanpeiio
1092 1744 1190 1825 Petri,

151 1848 226 1912 quse
251 1828 284 1890 in
308 1852 342 1893 eo
355 1829 401 1915 fu
416 1855 451 1894 sa
472 1843 560 1896 erant
584 1853 761 1917 coarguens.
803 1829 901 1912 Qroenr
927 1829 981 1915 qui
1002 1851 1050 1892 ern
1077 1827 1191 1894 bibrum

151 1914 319 1996 conrsrosnit
335 1915 366 1978 in
378 1916 519 2003 gratiam
536 1917 736 2064 procreandum
751 1937 790 1979 en
801 1915 962 1979 thassensi
975 1914 1123 1997 paroecia,
1135 1913 1191 2002 qui

110 2050 112 2054 ,
151 1999 306 2062 occasione
319 2000 405 2065 iliius
420 2025 536 2088 evange
551 2004 573 2064 ii
589 2003 630 2066 ad
642 2002 816 2065 doctrinam
832 2024 850 2061 rr
868 2013 952 2063 recta
963 1998 1034 2085 fide
1056 1999 1192 2071 alienam

152 2081 394 2143 declinaverant.
433 2085 499 2142 Nec
519 2102 588 2143 vero
611 2088 776 2144 absurdum
791 2083 897 2166 fiterit
922 2099 1022 2163 pauca
1046 2086 1193 2169 qzroedarn

152 2165 245 2229 uerba
268 2187 308 2227 en:
332 2187 363 2226 eo
391 2163 467 2227 libro
493 2185 735 2240 cominemorare,
760 2165 871 2251 quibus
895 2164 950 2228 itte
972 2167 1049 2253 quid
1071 2169 1109 2232 de
1133 2170 1191 2235 isto

153 2248 314 2338 evangelio
339 2248 477 2329 sentiret,
501 2248 625 2333 exponit
655 2249 687 2314 in
712 2250 792 2315 buno
817 2248 963 2315 nodum.-
992 2252 1082 2318 NOS
1104 2254 1192 2324 enim
1302 2313 1308 2321 .

154 2336 268 2400 fratres
285 2335 344 2399 bec.
1116 2371 1118 2375 ¹

200 2422 234 2484 P.
246 2433 317 2496 470.
333 2421 355 2485 l.
370 2435 417 2486 13.
440 2425 478 2485 rol
493 2423 520 2485 δὲ
534 2421 660 2507 ὀνόματι]
677 2425 713 2486 τὰ
729 2423 756 2486 δὲ
770 2421 893 2502 ὀνόματα
909 2423 955 2489 ed.
973 2423 1078 2506 Stepb.
1106 2425 1192 2490 Scri·

154 2506 297 2572 bendum
321 2521 401 2592 puto
423 2507 546 2588 tripart,
570 2523 605 2572 ut
627 2508 774 2573 scribitur
799 2509 831 2572 in
854 2509 966 2573 codice
989 2512 1077 2574 Maz.
1100 2511 1191 2577 Med.

154 2587 239 2657 Fuk.
254 2608 289 2657 ’et
305 2592 399 2656 Savil.
432 2595 543 2678 Atque
559 2595 603 2657 ita
618 2594 732 2681 legisse
747 2592 871 2659 videtur
887 2595 1030 2660 Rufinus.
1068 2595 1121 2660 Sic
1142 2596 1192 2662 in-

155 2677 204 2741 fra
220 2679 362 2765 loquitur
377 2678 461 2743 idem
479 2680 631 2764 Serapion
649 2682 681 2744 ri
701 2683 744 2743 ὑπ’
759 2684 848 2744 αὐτῶν
867 2681 1065 2767 προφερόμενον
1082 2680 1193 2765 ὀνόματι

155 2763 255 2852 Πέτρε
268 2764 444 2850 εὐαγγέλιον.
471 2765 575 2864 Hujus
588 2787 684 2850 porro
695 2765 849 2852 evangelii
862 2766 1036 2830 secundum
1051 2767 1193 2849 Petrum,
1251 2779 1257 2789 “

155 2851 353 2914 mentionem
378 2850 454 2914 facit
472 2851 628 2936 Origenes
651 2852 681 2916 in
704 2851 941 2916 commentariis
963 2853 994 2916 in
1016 2867 1113 2938 caput
1127 2854 1193 2920 xiii.

159 2938 253 3019 (tom.
268 2959 298 2999 x.
322 2957 392 3021 cap.
415 2941 474 3016 17.)
502 2937 663 3001 Mutthaei.
702 2939 827 3002 Fratres
851 2948 954 3002 autem
979 2939 1053 3002 Jesu
1077 2949 1194 3024 putant

156 3021 310 3100 nonnulii,
334 3045 373 3086 eu
400 3022 565 3087 traditione
591 3023 806 3100 Hebraeorum,
831 3035 956 3108 sumpta
980 3023 1132 3090 occasione
1154 3048 1194 3103 eu

156 3128 232 3170 evan
258 3108 314 3171 elio
337 3109 418 3195 quod
441 3107 567 3172 titulum
592 3108 682 3173 iubet
700 3111 799 3193 jorra
823 3111 962 3186 Petrum,
983 3109 1033 3172 uei
1054 3131 1094 3173 eor
1116 3109 1194 3174 libro

155 3131 276 3266 Jacoii,
296 3215 359 3255 esse
373 3192 463 3277 filios
484 3194 597 3277 Josepb
618 3218 657 3258 eu
678 3194 783 3279 priore
806 3216 902 3257 uxore
923 3216 996 3280 ηοω
1018 3194 1195 3262 convixerat

158 3273 229 3359 ipsi,
243 3286 411 3374 antequam
422 3277 542 3342 duceret
555 3279 708 3342 Marium.
723 3281 895 3342 Vnunsru
905 3301 933 3342 s.
963 3280 1014 3343 De
1030 3279 1092 3344 hoc
1107 3280 1194 3347 aliis·

157 3381 222 3460 que
250 3363 330 3424 Petri
355 3363 493 3446 apostoli
517 3365 645 3428 nomine
670 3363 759 3428 libris
785 3363 941 3439 confictis,
965 3364 1010 3427 ita
1036 3366 1213 3433 Eusebius

158 3445 215 3511 hb.
226 3446 270 3510 iii.
285 3447 372 3514 Hist.
388 3469 457 3532 cap.
470 3461 499 3510 3.
522 3448 556 3512 ‘ro'
568 3475 604 3534 γι
617 3454 669 3532 μὴν
682 3455 735 3514 τῶν
751 3448 966 3529 ἐπικεκλημένοι
981 3453 1064 3513 αὐτοῦ
1082 3452 1192 3536 (Petri)

158 3534 291 3616 στμοὶξεοον
312 3533 360 3595 καὶ
382 3533 414 3595 τδ
426 3535 497 3596 ,κατ’
519 3537 600 3597 αὐτὸν
621 3534 811 3617 ὠνομασμένον
835 3539 1116 3614 ΕΎΑΓΓΕΛΙΟΝ,
1131 3538 1195 3603 τότε

159 3619 307 3702 λεγόμενον
329 3622 413 3681 αὐτοῦ
436 3619 579 3728 κῆμυγμα,
603 3621 650 3684 καὶ
673 3625 720 3698 τὴν
742 3621 910 3703 καλουμένην
931 3621 1120 3703 ἀποκάλυψιν,
1140 3624 1193 3688 οὐδ’

159 3701 228 3778 ἴλαις
247 3709 273 3767 ἓν
291 3707 450 3778 καθολικοῖς
468 3731 546 3786 ισμεν
566 3707 794 3789 παραδιδόμενον,
816 3705 856 3768 ὅτι
875 3706 944 3788 μήτε
966 3706 1103 3790 ἀρχαίου,
1123 3709 1194 3791 μήτε

159 3798 214 3852 τῶν
236 3793 300 3853 καθ’
325 3796 395 3871 ἡμᾶς
414 3815 455 3862 τις
476 3794 688 3887 ἐκκλησιαςιιᾲ
708 3791 876 3876 συγίμαφεὺς
896 3794 957 3866 ταῖς
975 3793 1005 3868 ἐξ
1019 3795 1108 3856 αὐτῶν
1125 3819 1193 3858 συν-

160 3877 301 3960 expirato
319 3873 477 3962 ματυςδαις.
517 3877 581 3940 Ubi
601 3894 708 3942 tamen
729 3877 874 3942 Valesius
893 3875 1057 3942 videndus.
1094 3876 1195 3947 Certo

159 3980 234 4025 vero
249 3961 366 4024 certius
385 3974 443 4037 est,
459 3960 583 4026 nullum
606 3979 741 4028 veterem
765 3963 966 4048 scriptorem,
986 3963 1077 4050 cujus
1096 3985 1196 4050 opera

161 4046 254 4111 nobis
279 4046 385 4110 adhuc
408 4062 588 4132 supersunt,
615 4047 678 4114 hoc
706 4048 790 4131 Petri
814 4048 1013 4134 evangelium
1040 4059 1195 4136 tanquam

160 4128 277 4195 librum
310 4132 470 4205 θεόντνεοςον
495 4132 669 4212 adtulisse3
703 4131 770 4198 imo
797 4133 956 4198 rarissime
982 4154 1001 4197 a
1029 4154 1194 4235 quoquam

147 4216 258 4283 etiam
271 4217 435 4306 prolatum
449 4239 530 4286 esse.
566 4221 611 4287 Et
630 4231 709 4288 notu
726 4240 838 4287 curam
856 4219 967 4309 magni
985 4219 1133 4310 presulis
1152 4220 1197 4292 de
