2716 4748
201 232 256 303 ru
271 232 341 301 uu.
360 232 633 301 nrouusruru
652 234 711 301 ur
728 234 955 301 rmrrun.
1038 252 1099 325 ¹75

55 424 157 469 meua
172 402 364 469 Christianis
385 403 428 469 ad
449 403 580 469 metalla
600 402 776 469 Palestinae
794 417 827 470 et
845 426 903 491 per
915 406 1100 492 AEgyptum

55 488 234 568 damnatis,
246 490 397 553 collectas
410 488 563 587 pecunias
576 486 675 551 misit.
697 490 750 553 De
764 490 828 554 hoc
842 511 932 553 more
947 492 1101 555 Itomanae

55 572 218 639 Ecclesiae
238 588 356 659 praeter
375 574 571 660 D10nysium
588 572 829 638 Corinthiorum
845 574 989 659 loquitur
1003 575 1102 638 etiam

54 657 151 723 Dion
174 658 241 723 sius
254 657 490 725 Alexandrinus
509 656 689 755 Episcopus
702 658 735 721 in
749 658 896 743 Epistola
908 659 949 723 ad
963 659 1102 744 Stepha-

33 750 140 811 'uum
150 680 286 829 d’apam,
301 764 400 831 quam
413 742 510 806 refert
524 742 683 806 Eusebius
697 741 730 805 in
745 742 800 806 lib.
812 743 864 806 vii.
879 764 948 828 cap.
961 758 992 807 4.
1008 750 1039 806 at
1051 742 1104 825 μέν

54 850 100 889 τοι
114 826 218 913 Συρίας
230 826 293 907 daos
302 828 350 891 uui
366 824 530 913 ἡἈραὸία,
543 827 580 901 οἷς
595 830 739 913 &sapasim
752 827 912 913 ἑκᾶςοτῳῇ
927 826 964 903 οἷς
979 835 1023 891 νῦν
1037 831 1102 891 ἔπε-

56 908 188 983 ςιίλπι.
223 911 263 975 ld
278 925 340 991 est,
353 912 455 1011 syrie
477 930 591 1009 omnes
613 924 647 973 et
664 911 797 989 Arabia,
813 912 930 997 quibus
951 912 1104 998 pecunias

56 992 252 1059 idemtidem
273 996 534 1061 subministrans.
576 996 684 1142 &uem
707 994 815 1059 locum
838 996 921 1059 mate
942 1009 1105 1063 verterunt

56 1078 263 1179 interpretes.
287 1082 498 1145 Venustus.
542 1080 574 1143 A
612 1079 683 1142 haec
699 1102 758 1143 nos
773 1080 869 1144 docet
884 1082 994 1145 Petrus
1011 1079 1103 1146 Cou-

57 1174 212 1243 stautrus‚
226 1163 283 1313 {¹¹³
296 1166 344 1229 fra
403 1178 478 1227 enta
500 1163 645 1249 epistolae
668 1163 765 1250 hujus
785 1164 827 1228 ad
846 1165 992 1228 Soterem
1008 1165 1104 1229 editi·

56 1248 117 1311 oui
138 1272 209 1313 sure
254 1250 341 1335 pisto
355 1271 446 1313 onem
467 1248 555 1312 Rom.
574 1247 763 1334 Pontificum
784 1249 925 1327 inseruit,
947 1250 1102 1315 Basilium

59 1332 224 1397 Cresareae
243 1334 447 1420 episcopum,
469 1345 507 1397 ut
528 1334 561 1396 in
581 1333 671 1418 epist.
694 1333 764 1419 ejus
783 1349 854 1397 220.
875 1356 960 1398 nunc
982 1348 1032 1411 70.
1056 1335 1103 1399 vi-

57 1416 139 1483 dere
158 1430 221 1497 est,
235 1419 277 1483 de
296 1418 459 1505 Dionysio
480 1420 629 1482 Romano
651 1418 804 1503 Stephani
825 1419 858 1483 in
881 1419 955 1482 sede
975 1442 1103 1485 succes·

58 1522 146 1581 sore,
161 1504 311 1582 scribere,
324 1504 407 1567 viros
427 1503 470 1566 ab
491 1525 531 1566 eo
553 1504 586 1566 in
609 1502 847 1588 Cappadociam
864 1503 962 1567 fuisse
976 1505 1104 1583 missos,

59 1586 119 1673 qui
141 1588 289 1673 captivos
312 1587 516 1652 redimerent.
570 1588 768 1673 Moremque
792 1588 990 1672 captivorum
1018 1589 1104 1653 redi·

58 1670 257 1737 mendorum
269 1674 302 1737 in
315 1673 385 1737 aliis
397 1686 552 1757 praeterea
567 1672 709 1737 ecclesiis
725 1673 913 1748 obtinuisse,
928 1694 969 1736 ex
984 1672 1035 1760 Cy
1059 1673 1104 1737 ri-

57 1756 114 1819 ani
135 1756 216 1821 loco
240 1770 379 1835 constat,
402 1768 440 1821 ut
460 1757 585 1842 pridem
608 1756 650 1820 ad
671 1757 822 1844 Dionysii
845 1757 1007 1822 Corinthii
1033 1696 1105 1821 baec

60 1840 250 1927 fingmenta
268 1842 397 1906 monuit
418 1842 485 1905 Pet.
504 1840 688 1905 Halloixius
701 1854 781 1905 tom.
796 1842 829 1905 ii.
848 1842 881 1904 V
878 1843 928 1905 itt.
945 1844 1013 1906 ΡΡ.
1032 1842 1106 1907 Ori·

58 1924 163 1991 emat.
183 1948 218 2013 p.
235 1938 306 2003 785.
328 1934 350 1967 ‘⁶
367 1925 603 1990 pulcherrimus
627 1938 677 1989 est
700 1925 825 2004 locus,''
846 1926 964 2012 inquit,
980 1934 1001 1966 “
1015 1928 1048 1990 in
1069 1928 1104 1991 S.

60 2016 84 2051 “
99 2010 131 2075 C
180 2011 283 2091 riano,
296 2010 390 2096 epist.
404 2018 455 2074 60.
474 2010 618 2090 (secund.
640 2010 720 2074 Felli
734 2011 879 2075 ordinem
894 2016 957 2093 62.)
976 2011 1031 2075 ubi
1045 2032 1106 2098 pro

60 2102 84 2135 “
98 2032 299 2161 redimendis
314 2094 506 2159 Christianis
520 2095 652 2179 captivis
666 2096 768 2159 mittit
789 2096 856 2180 ipse
874 2095 914 2159 ad
936 2096 1105 2182 episcopos

61 2186 84 2221 “
95 2177 266 2245 Numidas
280 2180 448 2267 ingentem
461 2202 620 2245 summanr
636 2202 712 2244 cum
728 2181 911 2244 nominibus
925 2202 1036 2245 eorum
1050 2182 1106 2266 qui

61 2270 86 2305 “
95 2264 320 2343 contulerunt,
329 2264 446 2328 additis
457 2265 554 2327 etiam
568 2265 772 2350 singulorum
788 2265 922 2328 summis
928 2289 938 2342 ;
955 2268 1021 2351 qub
1031 2266 1107 2329 Nu·

63 2356 85 2389 “
96 2346 264 2413 midamm
278 2349 434 2425 ecclesiae,
449 2364 482 2413 et
501 2350 678 2433 prasertim
700 2370 718 2413 e
739 2350 921 2433 captivitate
942 2350 1108 2413 barbarica

61 2432 263 2545 ‘fredeprpd
276 2455 410 2498 suorum
425 2435 458 2498 in
473 2434 623 2519 precibus
642 2434 882 2497 benefactorum
898 2434 1105 2499 recordaren·
1189 2434 1193 2443 '

62 2524 86 2561 16
96 2532 167 2583 tur·

103 2604 143 2667 P.
160 2602 267 2679 167.1.
281 2610 329 2668 16.
351 2602 402 2679 τὰς
416 2602 538 2677 ἀνιόντας
554 2604 697 2687 ἀδελφοὺς]
712 2603 803 2667 Male
818 2604 950 2689 Langus
964 2613 997 2666 et
1011 2603 1107 2667 Mus·

64 2688 159 2755 culus
172 2688 336 2753 redeuntes
347 2700 480 2753 vertere.
517 2688 640 2752 Melius
657 2688 788 2752 Rufinus
802 2687 848 2751 ita
861 2687 1105 2773 interpretatur:

64 2770 405 2921 advenienteslp‘rotres
421 2771 564 2836 clementi
578 2773 656 2837 sotis
668 2783 698 2836 et
713 2772 876 2837 mitissimo
890 2772 1011 2836 solatur
1024 2770 1107 2837 ullo·

65 2858 148 2945 quio.
194 2858 268 2921 Inte
294 2857 354 2943 igit
371 2857 458 2921 enirn
476 2858 656 2945 Dionysius
671 2858 783 2921 fratres
798 2857 853 2943 qui
868 2880 907 2921 ex
922 2856 1034 2943 longin
1058 2856 1108 2921 uis

120 2940 254 3007 'ouibus
274 2943 411 3007 Romam
432 2942 537 3005 venire
557 2956 796 3018 consueverant,
811 2942 943 3026 penuria
962 2880 1058 3042 apud
1071 2963 1107 3007 se

64 3026 92 3091 lr
140 3024 288 3091 rantibus
309 3024 488 3091 subsidium
511 3027 641 3113 aliquod
664 3048 683 3089 a
705 3026 856 3091 Romanis
870 3026 1009 3091 relatum.
1031 3029 1109 3091 Vn-

66 3132 218 3177 rusius.

103 3194 196 3261 ibid.
218 3197 256 3269 ds
277 3192 363 3259 τέκνα
386 3198 485 3279 πατὴρ
509 3193 672 3280 φιλὸςοργος
695 3197 890 3281 παρακαλῶν]
916 3196 949 3257 S.
969 3192 1106 3259 Basilius

65 3278 116 3345 M.
132 3281 170 3345 in
183 3280 334 3365 Epistola
355 3280 398 3343 ud
419 3279 588 3363 Episcopos
613 3280 733 3344 Gallice
755 3291 785 3342 ot
805 3279 911 3344 Italica
933 3300 1023 3342 num.
1036 3292 1106 3344 243.

65 3364 144 3431 olim
159 3376 213 3441 70.
226 3376 350 3443 notata,
362 3360 488 3445 Οἴδαμεν
501 3369 571 3450 γὰρ,
584 3362 626 3427 dtr
644 3370 693 3428 οὐκ
706 3362 740 3428 ἅν
754 3390 820 3427 ποτε
835 3364 1005 3428 insidior&
1019 3370 1106 3445 ἡμῶν,

64 3452 91 3511 td
109 3452 229 3533 μᾶλλον
247 3474 285 3533 γε
301 3448 318 3527 ἦ
337 3456 353 3525 ἡ
373 3453 463 3533 μητὴρ
482 3453 536 3511 τῶν
556 3449 674 3535 ἐκγόνων
687 3455 735 3525 τῆς
748 3448 855 3523 κοιλίας
870 3453 964 3525 αὐτῆς.
988 3461 1105 3535 [1374.

64 3532 102 3599 B.
114 3546 202 3599 tom.
214 3532 260 3597 iii.
272 3532 325 3597 ed.
338 3532 539 3599 Benedictio.

105 3619 145 3683 P.
161 3617 315 3683 168.1.5.
338 3614 397 3701 ab]
414 3618 447 3680 A
468 3616 620 3701 Stephani
637 3616 686 3681 ed.
709 3618 811 3681 abest.
833 3618 1004 3682 Srnortr.
1040 3618 1108 3681 Lo-

66 3710 142 3767 c'um
168 3700 265 3767 vertit
290 3702 419 3787 Rufinus
439 3701 503 3765 hoc
527 3702 638 3782 modo,
658 3704 803 3779 Beatam,
825 3702 940 3788 inquit,
961 3701 1107 3765 duximus

66 3786 248 3851 hodiernum
276 3787 476 3851 Dominicom
504 3786 598 3865 diem,
630 3786 663 3850 in
690 3808 754 3873 quo
783 3786 916 3873 legimus
944 3786 1107 3871 epistolum

66 3884 213 3937 vestram.
253 3870 332 3945 'Ione
351 3872 482 3957 legebat
502 3870 645 3959 μακαρίαν
659 3893 717 3958 pro
731 3872 840 3955 ἁγίανὶ
864 3872 916 3935 De
929 3871 981 3935 die
995 3884 1106 3937 autem

65 3954 246 4021 Dominico
257 3956 329 4019 vide
343 3978 418 4042 qnae
431 3975 528 4041 supra
540 3956 647 4020 notavi
660 3956 701 4020 ad
716 3958 977 4033 Mnurronsnr,
992 3978 1024 4041 p.
1039 3970 1105 4031 129.

105 4038 196 4105 Ibid.
218 4040 242 4104 l.
264 4044 297 4105 6.
326 4040 496 4125 ἀνέγνωμεν]
522 4042 597 4104 Hoc
618 4040 722 4126 recepi
744 4041 891 4105 codicum
915 4039 1106 4105 auctoritate

64 4138 198 4193 comtos
214 4146 256 4191 ex
274 4124 380 4189 MSti's
396 4122 489 4191 Bodl.
504 4146 563 4189 seu
580 4124 678 4190 Savil.
693 4138 726 4189 et
742 4124 881 4211 Norfolc.
902 4146 963 4211 pro
981 4121 1104 4208 ἀνεγνώ-
