2716 4748
344 56 874 216 nauum-reus]
987 246 992 255 μ
1106 63 1115 193 ἶ

474 397 693 477 ’ἠΰτ-*-

124 596 167 673 S.
185 594 463 692 thnonurtus,
483 601 599 677 Libro
616 591 680 683 De
698 594 806 680 Viris
822 586 1045 699 Ittoctritnc,
1109 583 1116 607 λ

404 745 486 830 cap
500 733 591 805 xxii.
608 759 691 834 pag.
705 748 766 826 89.

50 878 424 1012 Hunnorum,
457 922 600 999 vsosooo
633 925 929 1025 Apostolicorum
965 937 1117 1024 tempo.

52 1064 161 1134 rum,
179 1058 331 1118 ‘omnes
357 1071 379 1118 a
403 1046 572 1144 passione
597 1047 766 1138 Domini,
794 1075 909 1144 usque
932 1047 982 1124 ad
1002 1073 1113 1130 susm.

50 1176 225 1256 aetutem,
240 1163 582 1241 Ecclesiasticorum
599 1170 762 1242 Aetuum
780 1182 908 1244 texens
926 1169 1105 1260 historias,

51 1286 254 1401 multaque
276 1287 323 1362 ad
345 1289 543 1382 utilitatem
561 1289 762 1390 legentium
779 1291 1001 1391 pertinentia
1016 1291 1115 1364 hinc¹

51 1408 151 1491 inde
183 1434 421 1511 congregans,
451 1412 614 1510 quinque
648 1413 759 1490 libros
793 1411 1015 1513 composuit
1032 1420 1107 1486 ser-

53 1553 175 1615 mone
202 1531 373 1633 simplici,
401 1545 444 1607 ut
472 1560 627 1631 quorum
661 1534 775 1619 vitam
806 1536 1022 1625 sectabatur,
1049 1530 1112 1610 di
1123 1611 1127 1617 ,

58 1622 172 1724 cendi
190 1677 335 1750 quoque
353 1655 577 1753 exprimeret
601 1657 858 1728 characterem.
909 1656 1050 1737 Asserit
1067 1631 1116 1746 se

61 1775 205 1847 venisse
232 1777 301 1848 sub
332 1776 488 1848 Aniceto
516 1776 687 1867 Romam,
715 1778 778 1872 qui
800 1775 1005 1848 bdecimus'
1021 1790 1106 1875 post

63 1891 216 1969 Petrum
245 1898 435 1996 episcopus
462 1897 544 1988 fuit,
573 1908 611 1968 et
638 1923 881 1995 perseverasse
913 1923 1028 1994 usque
1057 1898 1105 1977 ad

63 2012 306 2092 Eleutherum
336 2019 498 2115 ejusdem
533 2019 634 2092 urbis
662 2019 887 2117 episcopum,
919 2019 982 2115 qui
1012 2020 1104 2093 Ani-

63 2141 134 2213 ceti
152 2141 338 2237 quondam
357 2141 531 2215 diaconus
548 2141 677 2215 fuerat.
716 2142 895 2214 Praetereu
912 2141 1103 2216 adversum
1154 2203 1156 2207 ,

63 2259 161 2334 idola
183 2262 386 2362 disputans,
404 2288 450 2336 ex
473 2289 547 2361 quo
567 2263 730 2361 primum
753 2290 872 2337 errore
892 2263 1102 2355 crevissent,

64 2384 227 2457 subtexit
249 2384 451 2475 historiam,
478 2410 522 2485 ex
549 2411 622 2483 qua
647 2385 819 2476 ostendit,
843 2411 915 2482 qua
940 2385 1103 2460 floruerit

63 2517 181 2580 aetete.
232 2506 299 2580 Ait
326 2508 451 2580 enim:
486 2507 599 2605 (apud
625 2506 761 2580 Euseb.
785 2508 832 2580 iv.
861 2507 964 2580 Hist.
991 2534 1024 2580 c.
1048 2511 1099 2605 8.)

66 2626 241 2700 tumulos
261 2629 413 2701 mortuis
433 2629 632 2726 templaque
642 2627 846 2726 fecerunt.-
877 2629 970 2699 siem
990 2653 1103 2726 usque

61 2746 162 2823 hodie
189 2750 436 2823 vicecomes
463 2751 591 2850 quibus
619 2765 672 2822 est
700 2766 734 2822 et
761 2749 948 2823 Antinous
973 2773 1102 2824 servus

65 2869 253 2944 Hadriani
274 2836 438 2962 Ceteris,
457 2873 515 2944 cui
536 2885 570 2943 et
587 2873 781 2970 gyntmcus
802 2895 899 2968 agon
917 2887 1101 2946 emercetur

62 2994 163 3092 apud
168 2993 372 3068 Antinoum
388 2995 574 3083 civitatem,
587 3018 693 3091 quum
710 3018 753 3064 ec
770 2993 848 3090 ejus
863 2993 1003 3066 nomine
1018 3019 1100 3067 cota

63 3116 162 3206 didit,
190 3131 225 3188 et
249 3117 379 3188 statuit
404 3114 604 3215 proprietas
633 3115 672 3186 in
701 3115 841 3212 tenzplo.
891 3115 1097 3191 Antinoum

63 3250 182 3314 autem
202 3237 241 3313 in
259 3237 398 3312 deliciis
415 3237 585 3313 habuisse
602 3237 725 3311 Caesar
743 3235 954 3310 Hadrianus
972 3238 1098 3312 scribi·

63 3370 132 3434 tur.

75 3512 82 3529 i
99 3539 112 3568 ⁸
130 3531 284 3609 Nusquam
303 3533 392 3590 tradit
411 3531 566 3600 Eusebius,
582 3530 781 3609 Hegeslppum
800 3532 915 3610 plenam
933 3532 1096 3594 Historiam
1221 3581 1223 3584 ,
1339 3581 1341 3584 s

65 3633 199 3699 achriati
213 3637 347 3714 passione
362 3636 399 3694 ad
414 3654 466 3694 sua
484 3635 587 3713 quibus
606 3636 720 3714 scripsit
736 3644 878 3717 tempora,
892 3635 948 3694 hoc
962 3645 1005 3694 est
1019 3637 1095 3703 ultra
