2716 4748
424 258 476 324 m
499 224 648 324 'samm
677 255 974 323 ruodmanno.
1173 256 1220 345 ις

165 448 326 593 we
334 480 336 485 .
344 426 578 516 Hierapolitani
592 426 781 513 spectaverit
793 426 951 491 Eusebius
965 425 1115 506 scribens,
1128 426 1212 515 'Apa-

310 516 320 539 ⁸
339 514 387 579 sai
400 521 449 577 rori
462 511 651 601 σμσὲυτέρου
663 512 786 575 Ἰωάννου
798 513 928 589 airinom
941 504 1037 575 dantis
1050 512 1118 592 oroi
1129 511 1210 598 yssi·

180 606 250 681 θιη,
263 599 324 667 oni
343 599 409 667 aias
426 621 501 663 cum
515 597 680 663 Halloixio
693 597 725 660 in
743 597 776 663 V
774 597 824 661 itt.
839 598 908 673 PP.
925 594 1077 663 Orientol.
1090 610 1171 662 tom.
1182 598 1210 665 Ι.

205 692 299 751 Asa.
316 684 445 771 Papiam
460 706 526 749 non
545 705 584 749 ex
601 682 755 769 professo,
770 681 827 748 sed
841 695 965 757 tantum
979 703 1018 745 ex
1031 683 1211 764 occasione,

180 707 310 848 dixisse,
322 792 359 835 se
380 768 513 835 istorum
534 766 841 847 fuisseauditorem,
857 780 913 832 aut
975 767 1049 846 tius,
1062 779 1156 833 semet
1170 791 1211 835 ea

182 854 222 921 io
241 854 396 921 audivisse
418 876 455 918 eo
476 876 550 941 quea
571 853 635 938 ipse
655 851 816 939 referebat.
861 852 924 917 Cre
947 851 1071 931 iderim,
1085 851 1136 917 vix
1153 865 1210 921 aut

181 962 223 1006 no
236 940 287 1005 vix
301 938 433 1027 quidem
447 937 527 1004 illud
542 937 583 1002 de
595 940 616 1003 J
618 960 720 1003 oanne
734 938 921 1026 presbytero
934 953 1031 1024 atque
1043 937 1209 1005 Aristione

179 1025 364 1112 ooliegisset
378 1023 447 1123 sibi·
453 1024 610 1123 Eusebius
624 1045 663 1089 ex
678 1021 824 1123 solohoc
841 1022 1086 1123 papiani-operis
1099 1044 1209 1110 prom.

180 1112 260 1261 aio,
273 1110 406 1259 etiamtsr-
420 1108 542 1188 vident,
559 1131 603 1257 snd
613 1122 760 1257 praestenu
781 1124 926 1195 tempore
948 1108 1017 1257 drpp¹
1030 1107 1146 1258 λέγωὸι
1160 1106 1209 1260 go

180 1215 831 1381 dppppiarplosrppmpppmedppsepppcrp
847 1214 1161 1380 arpispimqippipulop
1174 1217 1208 1380 id

182 1363 1209 1537 wiffam?ttttttttffttbdtsstsitsz

149 1611 151 1614 ,
181 1533 226 1602 bii
246 1536 339 1600 initio
361 1535 458 1621 hujus
480 1550 565 1599 notae
587 1534 693 1613 allata,
708 1533 950 1600 memorandum
966 1533 1019 1599 hio
1032 1549 1092 1614 eat,
1105 1534 1208 1620 histo·

180 1621 262 1687 riam
275 1619 364 1685 illam
378 1619 419 1683 de
432 1619 560 1685 duobus
574 1618 750 1705 sepulchris
761 1619 894 1684 Joannis
905 1618 1035 1684 nomine
1048 1619 1208 1706 insignitis

179 1726 201 1771 a
211 1727 333 1792 magno
351 1704 510 1793 Dionysio
523 1700 739 1769 Alexandrino
754 1705 905 1791 episeopo
922 1717 1083 1791 acceptam
1099 1706 1210 1787 nosse,

202 1791 236 1857 ui
250 1791 282 1855 in
296 1790 452 1877 opusculo
466 1813 526 1855 suo
540 1790 591 1857 De
603 1787 865 1869 Promissionidns,
878 1790 920 1855 ab
932 1789 1071 1855 Eusebio
1085 1790 1142 1856 lib.
1155 1789 1208 1859 vii.

217 1875 268 1941 ist.
283 1897 314 1941 c.
327 1890 377 1939 25.
392 1875 544 1954 adducto,
558 1875 645 1941 illam
661 1888 821 1960 posuerat.
864 1875 928 1940 Sed
949 1874 1094 1951 nonnulli
1137 1888 1209 1942 uta-

174 1973 265 2040 runt,
275 1973 358 2026 teste
368 1962 572 2049 Hieronymo
585 1961 636 2025 De
650 1959 736 2025 Viris
750 1958 871 2025 Illustr.
882 1983 953 2047 cap.
963 1961 1005 2027 ix.
1018 1960 1098 2026 duas
1112 1897 1209 2034 Kasos

175 2046 352 2113 memorias
364 2046 506 2135 ejusdem
520 2046 652 2111 Joannis
666 2044 867 2133 evangelista
879 2046 987 2112 fuisse.

188 2165 194 2173 ·
223 2133 258 2196 P.
273 2146 305 2197 o.
326 2130 350 2195 l.
365 2147 415 2197 25.
442 2131 580 2196 Maximi
601 2129 815 2216 Cordeasoris]
840 2131 948 2220 Hujus
973 2130 1147 2218 seriptoris,
1171 2144 1211 2199 ut

176 2230 255 2303 post
267 2216 400 2296 videbis,
413 2218 487 2282 loca
508 2216 575 2282 duo
594 2216 726 2281 adduxit
745 2215 894 2296 Grabius,
909 2217 1071 2318 inquibus
1086 2238 1212 2284 memo·

174 2314 268 2367 ratur
283 2302 388 2387 Papias
402 2323 530 2380 nomen,
543 2302 613 2367 haeo
628 2307 789 2450 verostms
803 2301 897 2366 abeo
912 2324 1033 2368 onnssa
1044 2316 1107 2371 est..

188 2430 195 2441 ,
222 2387 259 2451 P.
269 2404 302 2466 9.
315 2387 339 2452 l.
352 2402 381 2451 2.
403 2386 496 2475 Μέγα
516 2385 643 2462 daritiam
664 2391 700 2450 mr
715 2389 816 2472 dasypus
838 2386 910 2472 itm]
936 2390 1018 2452 Haec
1041 2387 1145 2475 Papiae
1167 2386 1211 2453 do

175 2471 276 2551 suda,
290 2494 364 2559 quae
383 2474 416 2536 in
435 2471 545 2537 multis
564 2473 739 2537 afferuntur
755 2471 883 2537 Catenis
897 2494 992 2559 super
1002 2473 1086 2537 Atto
1096 2474 1210 2558 Apost.

174 2557 360 2644 Apollinari
379 2557 505 2622 Juniori
527 2557 699 2636 dabantur,¹
715 2556 933 2638 celeberrimo,
951 2569 988 2622 ut
1008 2556 1085 2637 dixi,
1096 2555 1211 2629 saculi

175 2642 699 2793 {admittimur
712 2640 1209 2815 i³diiiiii⁰uiiiidii⁰p¹¹¹ii

180 2812 292 2878 Catulo
321 2813 328 2826 '
349 2827 538 2891 memorato,
553 2827 622 2877 tum
645 2835 685 2876 ex
708 2814 826 2877 Corona
846 2813 923 2879 MS.
945 2836 1017 2900 quae
1039 2813 1073 2878 in
1091 2814 1125 2878 br
1148 2812 1209 2879 lio·

177 2896 274 2964 theca
321 2897 431 2984 ollegii
451 2898 536 2963 Novi
553 2897 744 2963 adservatur.
788 2899 825 2961 In
841 2897 1001 2985 impressis
1016 2913 1126 2965 autem
1142 2900 1209 2964 OE·

177 2983 320 3048 eumenii
347 3005 366 3047 a
403 3005 445 3048 ue
474 2983 710 3070 Theophylacti
744 2982 987 3064 Commentariis,
1016 2983 1209 3071 Apollinarii

177 3089 297 3134 nomen
318 3074 352 3155 τῇ
372 3075 446 3156 poca
466 3067 554 3134 haud
575 3067 762 3154 praefigitur.
808 3066 893 3131 Cum
913 3091 988 3134 vero
1005 3068 1092 3156 apud
1110 3069 1208 3156 Theo-

172 3153 361 3301 promotum
382 3154 474 3240 plura
487 3152 615 3253 'ibidem
640 3154 681 3218 de
700 3153 794 3253 Judae
812 3165 916 3217 morte
929 3153 1137 3234 adducantur,
1150 3153 1209 3254 ist·

180 3239 1209 3425 matritum‘nott,itttt0‚²;¹tt}.¹f.¹{¹n¹523t{rtz

175 3429 273 3475 onem
287 3407 461 3472 adornavit.
489 3411 547 3472 .Et
562 3430 663 3495 nuper
675 3409 717 3473 cl.
753 3430 862 3496 noque
877 3410 1054 3475 Fndericus
1072 3411 1207 3475 Munte-

151 3515 242 3572 -rus,
256 3494 291 3558 in
304 3491 422 3556 Fascio.
444 3494 701 3581 fragmentorum
751 3505 855 3558 otram
878 3495 1059 3559 Groeoorum
1077 3494 1207 3563 Hofnias

174 3577 277 3657 edito,
292 3576 354 3640 fide
366 3578 457 3642 nixus
468 3593 651 3652 catenarum
664 3600 761 3664 super
774 3579 873 3645 libros
887 3602 993 3646 sacros
1008 3580 1207 3682 manuscrip-

176 3677 284 3731 torum
309 3662 508 3748 quarundam
535 3663 639 3750 Papia
663 3663 916 3731 additamentum
940 3666 1027 3730 istud
1053 3664 1207 3733 attriburt.

173 3747 294 3834 Neque
320 3746 411 3811 aliter
433 3770 501 3812 rem
526 3749 603 3813 olim
627 3748 859 3815 administrasse
885 3748 977 3815 siden
1002 3751 1146 3816 Pfaffium
1171 3752 1206 3816 in

174 3831 313 3901 Dissert.
331 3831 495 3932 Apologet.
518 3833 555 3898 do
576 3833 772 3921 Fragmentis
792 3834 915 3914 Irenaea',
938 3839 968 3920 ξ.
984 3851 1032 3901 11.
1051 3836 1129 3923 dum
1150 3857 1205 3901 aa·

174 3929 284 3983 unam
300 3917 441 4004 Collegit
455 3919 541 3983 Novi
554 3941 573 3984 a
588 3941 641 3983 me
655 3919 753 3987 modo
767 3935 1053 3986 commemoratam
1073 3921 1208 4009 profert.

176 4001 252 4067 Hoc
262 4024 341 4075 ¹vero
355 4002 680 4089 interpretamentum,
695 4006 754 4069 etsi
771 4005 902 4092 longius
921 4006 973 4087 sit,
988 4021 1083 4094 atque
1097 4005 1206 4092 indig-

148 4136 153 4143 .
175 4109 260 4170 num.
278 4087 528 4176 prorsus-iectu,
553 4089 703 4156 omnibus
723 4101 844 4170 tamen,
865 4113 931 4180 quo
956 4093 1071 4158 melius
1097 4091 1207 4156 doen

141 4170 434 4262 *d'oem‘m'rw
448 4174 1015 4326 fflrhisngnpdumooeauxs.
1043 4174 1207 4266 rasgsn
