2716 4748
273 259 327 337 ru
347 269 582 345 auersum
605 268 900 351 suasurum.
1042 283 1104 387 aa

65 433 147 505 MS.
163 439 302 527 Nprfoic.
325 464 390 507 non
410 453 536 508 tantum
558 440 622 521 hic,
637 440 694 507 sed
714 455 747 506 et
766 441 799 507 in
819 443 1008 507 Dronrsrt
1027 440 1103 505 Co-

67 537 232 591 sabran
263 529 456 615 Fragmento
481 551 578 614 supra
598 527 640 593 ad
663 551 696 615 p.
721 535 787 604 167.
810 528 922 593 itidem
943 528 974 591 in
996 527 1052 590 lib.
1071 550 1101 592 v.
1189 592 1195 615 ⁹

64 612 157 693 Hist.
180 612 293 678 Euseb.
316 636 387 700 cap.
409 628 458 679 24.
480 616 536 679 ubi
557 614 657 678 literae
680 615 713 678 S.
736 614 848 678 Irenaei
872 614 914 678 ad
935 613 1101 683 Victorem

62 696 250 763 Romanum
264 699 478 765 adducuntur.
523 700 614 763 Idem
630 721 757 777 nomen,
772 712 809 763 ut
823 722 917 785 supra
931 699 972 763 ad
986 721 1018 786 p.
1032 712 1100 774 174.

62 781 142 862 dixi,
165 782 232 869 duo
253 785 300 863 illi
321 785 514 872 chronologi
535 784 695 871 Georgius
723 785 890 872 Syncellus
916 800 1011 884 atque
1035 785 1101 849 Ni·

62 869 225 956 cephorus
239 871 304 935 ΟΡ.
316 894 441 937 necnon
453 868 635 958 Eutychius
650 870 726 936 lruic
739 871 891 958 episcopo
906 870 1104 936 indiderunti

109 957 143 1020 1).
159 971 229 1020 201.
249 954 271 1020 1.
285 971 334 1021 23.
357 959 397 1018 Ἐν
418 963 516 1027 τούτοις
535 959 678 1039 ἔγνωςίζιτο
703 957 883 1041 Ἡγήσιππος]
908 958 988 1022 Non
1014 970 1102 1021 reci&

61 1060 142 1106 meo
168 1041 298 1127 quidem
322 1041 448 1129 judicio
474 1041 682 1126 Hegesippus
709 1038 874 1105 confertur
895 1043 929 1106 in
953 1056 1101 1129 tempora

62 1126 114 1191 Im
160 1128 273 1193 tatoris
287 1126 454 1197 Hadriani.
482 1127 555 1191 Nec
568 1126 659 1191 locus
674 1125 727 1190 ille
741 1127 921 1215 Hegesippi
935 1151 1032 1215 quem
1046 1129 1101 1194 hic

61 1211 105 1277 ad
130 1212 197 1278 ucit
221 1214 389 1291 Eusebius,
414 1213 449 1276 id
472 1212 598 1276 evincit.
644 1211 741 1277 Certe
768 1213 976 1301 Hegesippus
999 1215 1100 1281 libros

60 1318 141 1363 auos
152 1298 277 1386 scripsit
288 1299 477 1386 pontificatu
488 1298 662 1377 Eleutheri,
673 1312 709 1362 ut
723 1298 857 1383 ipsemet
872 1314 1008 1365 testatur
1019 1301 1101 1366 infra

60 1404 134 1471 cap.
147 1399 197 1449 22.
222 1385 369 1471 AEqualis
384 1385 484 1471 igitur
497 1384 559 1449 luit
576 1386 709 1463 Irenaeo,
724 1385 779 1470 qui
794 1398 827 1447 et
843 1385 911 1472 ipse
925 1387 985 1451 sub
999 1387 1100 1452 Eleu·

60 1469 158 1535 thero
179 1472 332 1535 Romanae
353 1471 441 1536 urbis
461 1471 614 1556 episeopo
628 1470 769 1555 insignes
782 1469 854 1533 illos
868 1472 1017 1536 adversus
1031 1473 1103 1537 hae·

59 1577 148 1620 reses
161 1556 261 1621 libros
275 1556 482 1622 elucubravit.
510 1555 730 1642 Hieronymus
744 1568 851 1619 tamen
866 1557 951 1621 hunc
967 1559 1101 1625 Eusebii

60 1641 166 1707 nostri
177 1642 287 1707 locum
303 1657 444 1719 secutus,
456 1642 488 1705 in
503 1641 653 1726 catalogo
665 1640 951 1707 ecclesiasticorum
965 1646 1101 1730 scripto·-

59 1750 135 1793 mm
162 1728 385 1814 Hegesippum
413 1726 589 1813 praeposuit
610 1727 761 1791 Justino:
789 1727 876 1814 quod
898 1729 1010 1816 utique
1032 1730 1101 1795 lieri
1185 1776 1193 1783 -

59 1835 127 1877 nou
143 1813 265 1878 debuit.
310 1814 407 1878 Certe
426 1812 587 1877 Eusebius
603 1826 711 1877 noster
725 1812 758 1875 in
772 1828 908 1898 capul.
924 1828 957 1878 et
970 1831 1019 1881 22.
1035 1815 1100 1882 1111.-

53 1896 113 1985 jus
135 1899 218 1979 libri,
241 1901 330 1986 quasi
352 1900 490 1986 priorem
513 1899 702 1962 senteutiam
728 1912 913 1980 retractans,
936 1902 1099 1989 Hegesip-

57 2005 141 2070 pum
155 1985 326 2049 confertio
341 1999 487 2071 tempora
503 1984 608 2049 Marci
622 1985 792 2049 Antonini.
814 1987 1022 2054 Venustus.
1086 2030 1089 2035 -

70 2091 75 2101 '
104 2071 141 2135 P.
153 2085 222 2135 202.
237 2071 259 2134 l.
272 2086 300 2135 l.
322 2070 374 2146 Οἷς
389 2069 548 2220 asscripta}
562 2069 652 2151 Ι110111.
666 2070 771 2154 Siepli.
787 2083 821 2135 et
836 2071 904 2137 Vai.
920 2075 1096 2157 aavvovdpva,

58 2155 213 2243 adquam
229 2178 341 2221 vocem
356 2156 468 2223 isthaec
481 2159 530 2221 Va
545 2156 640 2220 esius.
685 2157 814 2222 Rectius
829 2158 915 2242 apud
928 2160 1098 2247 Nicepho-

58 2264 135 2309 rum
148 2242 180 2307 in
195 2242 252 2307 lib.
266 2242 309 2307 iii.
324 2265 394 2329 cap.
407 2249 456 2306 26.
478 2242 597 2328 legitur
619 2243 775 2325 κενοτάφια.
800 2264 803 2269 ·
820 2244 1042 2330 Hieronymus
1064 2248 1100 2312 in

57 2328 211 2414 catalogo
237 2329 282 2393 sic
305 2332 410 2393 vertit.
453 2327 599 2392 Tumulus
624 2326 719 2390 etium
746 2327 921 2415 templaque
936 2329 1097 2415 feceruut.

58 2414 195 2493 Rufinus
210 2437 282 2478 vero
296 2416 341 2479 sic
355 2416 602 2500 interpretatur:
626 2413 735 2500 quidus
751 2414 870 2497 templu
886 2414 976 2479 immo
994 2418 1098 2500 potius

57 2498 201 2651 sepulcra
238 2510 371 2566 ecevunt.
393 2503 601 2566 Vsuestus.
622 2518 626 2527 ·
644 2501 766 2564 Nostra
787 2500 884 2564 lectio
905 2514 992 2565 extat
1010 2504 1098 2588 apud

59 2584 88 2649 C
106 2585 203 2671 ristop
221 2633 236 2663 ¹.
252 2587 355 2653 Lectt.
372 2601 405 2651 et
420 2586 550 2671 Niceplr.
566 2585 722 2672 probante
735 2586 866 2650 Valesio
905 2586 937 2651 ui
956 2601 990 2652 et
1008 2598 1096 2652 ceno'-

58 2670 170 2758 tapkia
183 2673 287 2737 vertit.
332 2672 453 2738 Omnes
468 2672 653 2758 interpretes
670 2671 752 2735 hanc
763 2693 873 2736 vocem
882 2609 922 2736 11.
933 2672 956 2736 1.
971 2673 1097 2765 vulgari

57 2757 240 2845 significatu
253 2757 424 2845 accipiunt.
460 2757 508 2822 At
527 2758 607 2822 mihi
627 2757 735 2843 potius
756 2756 924 2823 simulacra
943 2758 1097 2826 denotare

57 2843 193 2911 videtur.
238 2845 345 2909 Primo
360 2844 445 2908 enim
462 2843 540 2930 quid
554 2854 739 2930 peccassent
753 2842 874 2908 ethnici
889 2844 920 2908 in
936 2845 1096 2930 erigendis

56 2930 192 2995 tumulis
213 2929 389 2995 amicorum
412 2931 567 2994 suorum?
605 2927 732 2992 Deinde
754 2951 883 3015 quoque
905 2931 1029 3015 Hegesi
1052 2952 1096 3019 po

56 3027 211 3102 tanquam
224 3015 348 3091 homini
362 3015 493 3080 hebraeo
504 3014 594 3080 valde
607 3013 770 3079 familiaris
784 3029 852 3078 erat
868 3015 921 3079 ille
936 2954 1096 3102 significa·

55 3114 120 3165 tus.
156 3103 309 3186 Namque
330 3102 427 3165 etiam
449 3124 468 3164 a
491 3100 536 3166 ud
557 3101 663 3165 LXX.
685 3100 873 3188 interpretes
897 3117 911 3164 1
931 3103 1012 3188 Reg.
1029 3103 1093 3168 xix.

58 3192 172 3265 13216.
196 3187 350 3268 κενοτάφιον
372 3123 530 3272 signilidat
551 3183 762 3249 simulacrum.
806 3186 956 3272 Denique
971 3203 1006 3252 et
1023 3188 1094 3273 ipse

55 3272 222 3348 Eusebius·
230 3271 405 3337 clarissime
419 3271 578 3358 significat
593 3293 627 3334 se
642 3270 688 3334 ita
701 3271 860 3356 accepisse
875 3271 956 3336 hanc
969 3295 1093 3354 vocem,

55 3357 208 3437 Scribens,
221 3358 290 3445 origi
309 3366 362 3422 τῶν
381 3357 544 3444 idpuvcivtwv
558 3362 596 3420 roi
610 3354 710 3420 εἴδωλα
725 3354 794 3419 οὕτω
809 3357 932 3441 γράφων.
976 3359 1093 3445 Perpe-

54 3438 125 3507 ram
144 3441 246 3528 igitur
267 3456 300 3506 et
323 3465 381 3507 nos
403 3441 600 3507 reddidimus
619 3441 653 3506 in
670 3442 812 3506 versione
828 3443 994 3508 vernacula
1010 3446 1092 3528 (scil.

55 3527 272 3609 Historiarum
288 3527 437 3610 Euselii).
460 3529 630 3592 Srnoru.
659 3527 841 3593 Strothium
856 3528 951 3593 docte
966 3543 1092 3596 mutan-

54 3627 123 3678 tem
139 3628 268 3678 secutus
284 3636 367 3677 sum.
406 3616 489 3679 Mox
501 3613 593 3677 abest
607 3613 738 3678 verbum
753 3615 793 3686 ἐςὶ
809 3632 826 3676 a
842 3614 916 3677 Cod.
931 3615 1024 3680 Bodi.
1057 3660 1060 3667 -

99 3699 184 3763 lbid.
198 3700 221 3762 l.
234 3714 264 3762 2.
287 3700 316 3764 οὗ
337 3700 384 3762 val
407 3697 485 3782 ἀγὼν
501 3697 603 3784 ἄγετον
614 3699 782 3784 Ἀντινόειος]
802 3698 866 3762 Hic
882 3720 967 3783 agon
978 3701 1016 3777 ¹in
1031 3701 1092 3766 ho·

54 3806 167 3849 norem
181 3781 318 3849 Antinoi
330 3785 371 3848 ab
385 3784 552 3848 Hadriano
566 3783 743 3863 institutus,
758 3785 1003 3883 quinquennalis
1017 3787 1091 3866 fuit,

53 3885 87 3935 et
101 3870 278 3935 Mantineae
299 3871 332 3934 in
348 3870 487 3934 Arcadia
500 3869 729 3949 celebrabatur,
745 3885 782 3935 ut
796 3870 906 3934 scribit
921 3872 1092 3938 Pausanias

53 3956 88 4020 in
102 3955 280 4021 Arcadicis.
314 3956 405 4020 Male
420 3977 500 4040 ergo
517 3955 650 4019 Rufinus
665 3976 801 4040 agonem
818 3978 959 4021 annuum
975 3958 1015 4021 de
1031 3979 1091 4022 suo

53 4039 183 4127 adjecit.
217 4039 380 4129 Ejusdem
395 4041 506 4126 agonis
520 4039 667 4103 meminit
683 4041 897 4106 Tertullianus
921 4042 953 4107 in
974 4043 1030 4106 lib.
1047 4043 1090 4107 de

54 4125 200 4206 Corona,
215 4149 285 4212 cap.
300 4141 347 4190 13.
363 4127 419 4190 ubi
432 4147 570 4212 agonem
585 4125 678 4189 illum
693 4127 896 4192 coronarium
912 4128 1009 4192 fuisse
1024 4141 1090 4192 tes·

50 4225 141 4293 tatur
161 4213 211 4279 hie
231 4212 332 4281 verbis
344 4237 360 4293 r¹
376 4211 446 4279 Hoc
466 4211 548 4291 etaim
568 4223 757 4296 superescat
776 4211 940 4302 Olympius
953 4213 1090 4300 Jupiter,

233 4310 237 4317 '
330 4338 334 4343 ·
546 4307 601 4362 ss
