2716 4748
420 670 929 768 asenario.

575 947 781 980 ψ

235 1117 272 1191 S.
293 1117 568 1213 minoremve,
588 1122 669 1197 Lib.
688 1123 750 1196 De
771 1124 876 1197 Viris
894 1122 1115 1213 Illustribrrs,

399 1244 402 1270 ¹
520 1258 829 1357 cap.xii.p.115.
1167 1335 1169 1338 ,

159 1393 440 1517 SERAHON,
475 1430 701 1504 'undecimo'
731 1430 925 1504 Commodi
952 1395 1057 1528 imp.
1092 1457 1189 1502 anno

158 1547 365 1622 Antiochia
388 1552 575 1652 episeopus
598 1555 797 1644 ordinatus,
817 1553 959 1652 scripsit
984 1551 1187 1650 Epistolam

157 1671 203 1743 ad
218 1673 387 1746 Carieum
405 1689 442 1747 et
460 1677 631 1751 Pontium
651 1678 696 1752 de
713 1679 839 1751 haeresi
860 1676 1042 1765 Montani,
1061 1675 1099 1746 in
1118 1701 1188 1771 qua

156 1807 195 1867 et
212 1797 289 1869 haee
307 1797 427 1871 addit:
461 1799 510 1873 Ut
526 1817 644 1874 nutem
667 1803 791 1874 scintis
801 1800 903 1899 fulsi
919 1798 1026 1896 liujus
1044 1799 1189 1896 dogma·

156 1918 216 2009 tis,
234 1921 274 1992 id
291 1936 353 2011 est,
371 1948 467 1996 norror
483 1923 679 2022 prophetice
695 1925 739 1996 ab
756 1924 851 1997 omni
866 1923 995 1994 mundo
1013 1921 1190 1994 insaniam

154 2044 351 2140 reprobari,
369 2047 449 2120 misi
463 2048 560 2121 vobis
574 2049 804 2146 Apollinaris
818 2045 1009 2118 beatissimi
1032 2046 1092 2142 qni
1104 2043 1190 2142 ferit

155 2166 196 2239 in
210 2167 402 2266 ffiernpoli
411 2170 512 2243 Asin
530 2172 714 2269 episeopus
730 2171 879 2243 litterae.
900 2167 1050 2262 (Euseb.
1063 2194 1096 2239 v.
1114 2169 1186 2264 19.)

156 2289 216 2362 Ad
234 2289 464 2365 Domninum
484 2319 639 2390 quoque,
658 2293 719 2390 qui
742 2290 1001 2390 persecutionis
1026 2301 1189 2388 tempore

157 2413 203 2486 ad
221 2413 246 2485 J
249 2414 370 2487 udaeos
388 2416 640 2506 declinaverat,
652 2417 820 2488 volumen
840 2412 1056 2512 composuit,
1069 2423 1107 2484 et
1123 2411 1188 2486 ali·

157 2562 220 2609 um
240 2537 285 2611 de
302 2537 511 2637 Evangelio,
527 2539 622 2637 quod
643 2540 710 2612 sub
729 2538 876 2611 nomine
893 2537 988 2611 Petri
1005 2535 1129 2624 fertur,
1144 2535 1188 2609 li-

157 2660 262 2732 brum
282 2661 326 2733 ad
346 2662 571 2735 Rhosensem
586 2662 726 2736 Ciliciae
742 2661 943 2750 ecclesiam,
957 2684 1039 2756 quae
1055 2658 1094 2730 in
1112 2658 1186 2732 hae-
1272 2706 1274 2711 >

156 2783 252 2857 resin
269 2784 345 2880 ejus
365 2787 517 2858 lectione
535 2787 737 2859 diverterat.
772 2785 963 2885 Leguntur
980 2796 1016 2856 et
1034 2783 1184 2880 sparsim

154 2904 231 3001 ejus
244 2907 368 2981 breves
385 2908 561 3007 Epistolae
579 2909 733 2982 auctoris
748 2909 801 2982 sui
818 2913 937 2986 sienim
951 2919 988 2980 et
1004 2907 1088 2981 vitae
1099 2933 1187 2981 eon·

154 3044 335 3128 gruentes.
395 3124 398 3129 ι

193 3263 207 3292 ¹
225 3257 327 3314 Annus
349 3274 393 3313 xr.
415 3257 566 3314 Commodi
586 3265 738 3334 postquam
757 3254 833 3312 solus
854 3255 1031 3332 imperasset,
1050 3271 1115 3310 oum
1136 3272 1184 3314 an.

154 3361 261 3418 Christi
279 3362 343 3421 190.
363 3361 408 3418 vel
425 3362 489 3421 191.
509 3362 651 3418 convenit.
699 3359 907 3436 Hieronymum
929 3365 1023 3414 autem
1043 3356 1183 3420 hocloco

152 3475 238 3542 atque
258 3466 426 3533 Eusebium,
448 3468 495 3543 qui
517 3467 545 3523 in
568 3466 699 3524 Chronico
717 3465 927 3522 ordinationem
946 3464 1109 3542 Serapionis
1130 3483 1183 3521 an·

151 3591 191 3628 no
203 3589 234 3628 x.
246 3571 396 3628 Commodi
411 3572 554 3650 apposuit,
566 3572 702 3628 erravisse
713 3570 839 3627 ostendit
852 3578 918 3646 post
932 3567 1104 3644 Lequinium
1119 3571 1182 3626 on·-

150 3685 204 3733 ent.
221 3677 318 3735 Christ.
332 3686 403 3734 tom.
415 3677 443 3735 ii.
463 3697 490 3753 p.
503 3676 570 3737 703.
590 3675 755 3733 Gallandins
775 3673 936 3749 Prolegom.
951 3682 1020 3730 tom.
1031 3673 1061 3729 ii.
1076 3673 1181 3731 Biblio-

151 3781 233 3838 thece
242 3782 302 3839 PP.
313 3802 341 3858 p.
350 3782 418 3839 xxii.
430 3791 462 3837 ut
477 3781 639 3858 Serapionis
654 3781 833 3857 episcopatus
847 3779 931 3835 initia
944 3779 973 3835 in
986 3794 1042 3835 rrr.
1052 3777 1098 3834 rel
1108 3794 1180 3835 vm.

148 3885 245 3949 Severi
259 3885 332 3965 Imp.
347 3904 453 3942 aunum
467 3885 619 3952 conferret,
635 3885 693 3942 sire
706 3885 742 3949 Α.
755 3883 788 3940 C.
803 3884 868 3942 199.
