2716 4748
151 287 212 373 ιρι
484 278 843 352 aunonsrrouus

152 455 269 522 Christi
282 477 391 520 nomen
404 476 425 518 o
436 456 604 544 gentilibus
617 457 788 523 crederetur
801 456 972 522 extinctum
979 469 1062 604 ,lter
1072 455 1177 542 prodi·

152 544 264 607 tionem
283 541 478 606 domesticam
493 542 665 627 Epipodiur
678 554 709 606 et
721 542 901 608 Alexander
921 564 992 606 occu
1007 552 1038 605 te
1058 556 1176 628 operum

150 629 226 693 dare
242 626 482 713 Catholioofidei
497 627 595 692 cultui
609 629 744 694 Praesidi
758 629 954 715 nuntiantur.
976 629 1064 692 Arta
1076 629 1176 692 Mart.

150 736 171 778 a
189 713 312 780 Theod.
328 713 481 779 Ruinarto
494 714 572 778 edit.
588 714 619 795 ἕ.
630 713 665 779 ii.
677 736 710 801 p.
721 727 771 791 74.
788 714 840 779 ed.
855 715 961 780 Amet.
1006 710 1066 777 Ut'
1078 715 1176 777 Euse-

150 800 197 865 bii
219 800 373 864 editiones
394 813 527 879 taceam,
541 798 628 864 edita
644 812 694 864 est
712 800 858 887 epistola,
871 799 928 865 sed
942 821 982 864 ex
996 798 1106 863 Rufini
1119 801 1177 862 La·

150 885 219 950 tina
239 885 497 971 interpretatione
518 899 654 963 tantum,
670 908 689 948 a
706 886 805 950 Godf.
820 885 1028 969 Henschenio
1043 884 1080 965 in
1093 882 1178 963 Actis

152 971 293 1036 Senator.
318 984 398 1037 tom.
416 971 442 1033 1.
466 971 556 1036 Junii
578 993 680 1036 mens.
703 993 735 1058 p.
750 978 818 1037 162.
840 994 929 1059 seqq.
952 983 987 1035 et
1003 970 1046 1034 ab
1067 969 1177 1035 eodem

151 1057 306 1122 Ruinarto
319 1057 376 1120 ubi
391 1079 485 1142 supra
499 1057 538 1121 ad
560 1079 591 1143 p.
604 1063 653 1120 60.
677 1073 709 1121 et
730 1079 819 1144 seqq.
834 1080 932 1144 quem
947 1078 1012 1141 ego
1025 1054 1177 1132 inritam,

151 1142 296 1229 epistolae
315 1142 402 1228 quod
423 1156 577 1206 servatum
598 1155 647 1206 est
665 1142 697 1205 in
717 1145 874 1208 sectiones
888 1142 1024 1206 divisum
1039 1140 1178 1218 exhibui,

175 1250 217 1292 uo
232 1227 346 1293 melius
361 1227 536 1327 legentium
552 1228 730 1292 commodis
744 1229 973 1293 consuleretur.
1009 1226 1105 1290 Idem
1120 1225 1178 1290 hoc

151 1250 264 1378 iecisse
278 1336 362 1378 nunc
375 1313 468 1378 vrdeo
483 1313 699 1391 Gallandium,
713 1314 769 1401 qui
782 1313 844 1378 vol.
860 1315 964 1400 primo
980 1334 1048 1376 suae
1063 1310 1179 1375 Biblio-

151 1398 249 1464 thecce
271 1402 339 1489 PP.
362 1399 444 1485 hanc
466 1399 634 1487 epistolam
664 1398 747 1463 sicut
772 1401 958 1485 Martyrum
982 1397 1181 1497 Lugdunen-

151 1485 238 1549 sium
258 1488 485 1572 Fragmentum
509 1482 599 1563 illud,
614 1507 676 1548 una
696 1507 773 1549 cum
790 1483 912 1550 Valesii
934 1483 1018 1547 notis
1041 1483 1180 1569 inseruit,

152 1570 267 1647 additis
289 1571 357 1636 aliis
380 1570 569 1658 quibusdam
592 1570 865 1635 observationibus
879 1591 918 1633 ex
933 1568 1091 1633 Ruinarto
1104 1570 1183 1633 Rea·

153 1656 318 1755 dingiique
331 1657 471 1722 editione
490 1656 621 1720 Eusebii
639 1655 757 1741 petitis.
794 1658 831 1720 In
848 1656 982 1719 Memor.
997 1666 1108 1719 autem
1121 1655 1183 1719 Ec·

153 1742 286 1808 chreost.
304 1757 383 1807 tom.
396 1742 440 1806 iii.
456 1742 497 1806 de
515 1741 564 1806 his
584 1743 652 1825 egit
671 1741 858 1828 fragmentis
877 1739 1125 1805 accommodate
1141 1738 1182 1805 ad

152 1828 297 1899 ordinem
312 1826 466 1913 temporis
478 1826 712 1892 Tillemontius.

195 1912 294 2001 Quod
311 1913 353 1977 ad
373 1935 491 1977 annum
506 1913 629 1988 attinet,
645 1934 710 2011 quo
723 1910 793 1976 haec
808 1911 974 1976 Gallicana
987 1911 1113 1976 vexatio
1125 1932 1181 1975 ex·

153 1999 276 2077 arserit,
288 1999 461 2084 contigisse
475 2019 544 2061 eam
559 2020 642 2062 anno
657 1998 781 2083 rmperii
794 1997 949 2062 Antonini
964 1997 1043 2061 Veri
1058 2008 1104 2072 17.
1119 2010 1184 2061 tra*

153 2083 213 2164 dit,
227 2096 263 2149 ut
276 2083 406 2161 videbis,
420 2083 576 2148 Eusebius
591 2083 623 2146 in
639 2083 735 2170 hujus
749 2082 806 2149 lib.
821 2083 926 2171 quinti
945 2082 1116 2168 principio,
1129 2080 1184 2146 ubi

152 2169 367 2235 consulendus
382 2183 431 2234 est
437 2171 475 2238 ,V
475 2170 599 2256 alesius.
621 2169 746 2233 Auctor
758 2191 888 2256 quoque
903 2167 1074 2247 Passionis,-
1087 2188 1184 2255 quam

152 2255 253 2321 modo
275 2255 457 2334 memoravi,
481 2254 538 2320 SS.
559 2254 708 2339 Epipodii
728 2265 759 2317 at
776 2252 968 2332 Alexandri,
976 2252 1027 2317 vel
1044 2252 1186 2317 eundem

152 2365 285 2417 annum,
300 2341 350 2406 vel
368 2341 401 2405 in
422 2340 586 2406 codicibus
608 2339 767 2404 nonnullis
787 2340 936 2403 decimum
958 2349 1112 2418 octonum,
1128 2339 1184 2402 ba-

151 2431 219 2494 bet.
257 2427 378 2492 Contra
391 2429 463 2491 illos
478 2450 584 2514 porr0,
599 2427 654 2512 qui
669 2426 708 2490 ad
723 2448 841 2489 annum
857 2440 886 2500 7.
901 2425 1046 2510 ejusdem
1061 2424 1185 2510 imperii

153 2515 270 2580 horum
296 2531 473 2600 martyrum
500 2511 691 2598 tflumphos,
713 2512 775 2575 fide
796 2511 860 2574 nixi
884 2511 1028 2574 chronici
1055 2510 1185 2574 Eusebii

152 2600 241 2687 quod
256 2601 396 2664 historiae
411 2599 480 2686 ejus
496 2600 554 2662 hac
569 2600 601 2661 in
616 2611 704 2683 parte
718 2597 907 2674 adversatur,
922 2598 1049 2681 signare
1063 2596 1185 2673 volunt,

152 2685 256 2752 multa
278 2708 359 2748 nova
380 2699 567 2770 argumenta
588 2683 696 2748 attulit
717 2683 931 2756 Moshemius‚
956 2680 1081 2745 observ.
1099 2681 1183 2746 Socr.

154 2783 184 2838 et
200 2771 319 2834 Hister.
336 2771 391 2834 lib.
408 2773 434 2833 I.
456 2792 524 2856 cap.
538 2785 568 2832 3.
591 2771 620 2854 §.
635 2792 665 2832 x.
687 2780 720 2831 et
740 2791 829 2854 seqq.
843 2767 1043 2831 vexationem
1061 2767 1185 2830 isthanc

153 2877 239 2920 anno
262 2856 382 2918 Christi
401 2868 465 2929 177.
484 2857 670 2931 attribuens,
693 2855 748 2940 qui
770 2877 871 2916 annus
894 2865 942 2916 est
963 2867 1009 2927 17.
1026 2852 1186 2916 Antonini

155 2943 238 3024 Imp.
277 2940 438 3003 Caeterum
461 2941 529 3004 haec
544 2941 637 3003 verba
655 2934 812 3008 Eusebius
827 2938 1013 3024 fragmentis
1029 2938 1185 3022 praemisit

153 3026 246 3092 initio
258 3025 313 3088 lib.
325 3050 354 3088 ν.
375 3028 413 3088 Ὁ
426 3027 476 3106 μὲν
492 3025 535 3090 οὖν
548 3032 595 3101 της
608 3025 750 3107 Ῥωμαίων
762 3025 912 3102 ἐκκλησίας
927 3023 1073 3097 ἐπίσκοπος
1087 3024 1186 3109 Σωτὴρ

155 3114 197 3175 ἐπὶ
212 3111 304 3198 ὄγδοον
319 3110 376 3186 ἔτος
390 3112 570 3195 ἡγησάμενος,
583 3117 700 3197 τελευτᾷ
711 3114 757 3174 riv
771 3109 839 3190 βίον·
862 3117 955 3172 τοῦτον
969 3107 1121 3184 δωδέκατος
1135 3111 1185 3173 irai

154 3201 207 3262 reia
233 3198 375 3271 άτοςάλοον
399 3198 560 3284 Ἐλεύθερος
583 3196 748 3280 διαδέχετα·
783 3196 840 3270 ἔτος
864 3198 884 3256 δ
909 3193 939 3271 ἦν
961 3193 1187 3258 ἐτΊακαιδέκατον

154 3284 351 3370 αὐτοκράτορος
372 3282 529 3347 Ἀντοινῖνοο
553 3285 671 3368 Οὐηροο,
698 3287 724 3344 ἐν
747 3280 768 3367 ᾧ
790 3282 865 3344 κατά
889 3306 951 3342 τινα
973 3279 1041 3364 μέρη
1067 3285 1116 3356 τῆς
1138 3287 1188 3367 γῆς

154 3371 328 3456 σφοδρότερον
343 3369 567 3456 ἄναρριτιῶἑντος
580 3375 627 3432 τοῦ
643 3370 707 3430 καθ’
720 3374 793 3449 ἡμῶν
807 3371 916 3451 διαγμὲ
931 3369 960 3442 ἐξ
975 3364 1125 3440 ἐπιθέσεως
1135 3375 1188 3429 τῶν

155 3461 231 3518 κατοὶ
256 3461 306 3528 τοὶς
328 3455 427 3528 πόλεις
451 3456 548 3536 δήμων,
569 3455 701 3537 μυριάδας
724 3454 867 3538 μαρτύρων
890 3455 943 3513 ἀνὰ
965 3455 1013 3527 τὴν
1034 3451 1188 3531 οἷκονμένηη

154 3539 301 3625 διαπρέψας
318 3547 458 3626 ςοχασμῷ
479 3539 573 3603 hordeis
594 3541 685 3618 ἔνες-ιν,
698 3537 751 3601 aiud
765 3546 818 3601 τῶν
834 3539 898 3600 καθ’
914 3537 942 3599 ἓν
956 3536 1029 3609 ἔθνος
1044 3534 1187 3617 caudaeq-

156 3627 251 3690 κάτων·
276 3625 361 3689 einai
383 3632 475 3711 γραφῇ
494 3631 549 3700 τοῖς
569 3626 716 3708 μετέπειτα
733 3626 935 3709 σοαραδοθῆναη,
957 3622 1061 3697 ἀλήτου
1081 3621 1189 3703 μνήμης

155 3713 191 3785 ὠς
205 3717 315 3789 άληθῶς
334 3712 434 3789 ἐπάξια
448 3713 523 3789 ὄντα,
539 3708 705 3792 σομὲέὲηκε.
733 3715 780 3784 τῆς
793 3711 842 3791 μὲν
857 3708 900 3771 οὖν
913 3709 980 3792 oreph
995 3705 1098 3768 τούτων
1113 3711 1188 3769 ἐντε-

155 3799 274 3876 λεςάτης
296 3799 453 3882 ὑρηγήσεονς
472 3795 502 3859 τὸ
522 3804 584 3859 τιοὶν
604 3796 795 3880 σύγγραμμα,
818 3800 851 3879 τῇ
874 3803 927 3856 τῶν
946 3791 1104 3876 μαρτυρίων
1128 3796 1191 3873 ἡμῖν

155 3882 537 3969 κατατέτακταρσοναγοιγῇ·
562 3886 617 3966 οὐχ
637 3885 752 3965 ῖςορικην
765 3882 832 3943 αὐτὸ
848 3878 936 3961 μόνον,
951 3878 1094 3940 ἀλλὰκαὶ
1112 3878 1189 3939 διδα·

155 3974 291 4047 σκαλικὴν
316 3968 449 4054 περιέχον
474 3970 606 4052 διήγησιν.
642 3965 730 4028 ὁπόσα
751 3965 827 4049 γέτοι
853 3970 900 4039 τῆς
921 3963 1067 4047 σταροάσης
1095 3961 1190 4046 ἔχοιτο

154 4049 370 4142 πραγματείας,
385 4056 462 4115 ταῦτ’
477 4056 518 4114 ἐπὶ
532 4059 579 4114 τοῦ
593 4052 731 4138 παρόντος
751 4051 950 4131 ἀναλεξάμενος
970 4047 1191 4134 σταραδῆσορας.

156 4140 238 4206 ἄλλοι
253 4143 302 4223 μὲν
315 4139 358 4202 οὖν
372 4143 490 4224 ἷςορικοὶς
508 4139 664 4220 ποιούμενοι
684 4137 829 4221 διηγήσεις,
843 4136 958 4208 στάντας
973 4132 1005 4197 dir
1018 4132 1194 4218 παρέδωκαν

154 4234 188 4312 τῇ
202 4232 295 4314 γραφῇ
309 4223 444 4308 πολέμων
459 4223 545 4300 νίκας·
570 4223 615 4302 καὶ
636 4222 756 4309 τρόπαια
775 4225 838 4287 κατ’
855 4225 973 4307 ἐχθρῶν·
997 4227 1147 4306 ςρατηγῶι
1160 4244 1192 4282 τε
