2716 4748
248 290 318 380 ‘254
471 266 477 285 ”
588 268 947 359 iuuorarmnns

251 460 409 550 majorem
426 482 534 542 suurn,
548 483 646 549 quem
660 461 842 548 crepabant,
855 461 888 527 in
911 462 1007 527 rebus
1026 452 1141 527 divinis
1158 463 1290 550 profec-

251 558 323 612 tum
344 549 612 614 accommodasse.
656 551 862 637 Quapropter
882 550 961 614 istos
982 548 1151 614 haereticos
1170 552 1289 615 consu*

240 640 320 700 'tare
344 633 406 699 sibi
428 633 594 698 videbatur
615 635 822 722 Hegesippus
846 634 968 700 Christi
989 634 1091 699 verbis
1116 635 1233 714 allatis,
1254 636 1290 700 in

250 719 369 807 quibus
392 719 546 785 seientia
569 719 670 784 oculis
694 732 791 806 atque
812 721 939 785 auribus
963 719 1197 806 discipulorum
1217 721 1290 809 jam

250 817 325 873 ante
347 743 507 891 pateiicta
525 805 622 870 fuisse
641 805 828 870 declaratur.
874 806 996 870 Confer
1012 807 1217 877 Clementem
1232 807 1290 872 Al.

242 890 366 955 'Strom
377 891 417 955 iv.
433 914 487 978 pp.
499 899 569 969 615,
585 905 617 956 et
633 899 702 956 628.
718 906 752 956 et
767 891 880 955 Strcm.
893 915 921 956 v.
944 912 998 978 pp.
1012 900 1082 970 659,
1099 899 1220 970 e1669.
1235 893 1289 957 ed.

238 977 382 1054 ‘Potteri,
405 978 462 1042 sed
484 977 619 1043 devere
644 1000 703 1042 suo
726 977 895 1057 Gnostico,
919 978 983 1042 sive
1004 978 1147 1064 perfecto
1172 977 1288 1042 Chris·

248 1061 350 1142 tiano,
366 1063 415 1126 his
430 1064 508 1128 locis
523 1063 741 1133 disserentem.

237 1166 239 1171 '
293 1148 468 1234 Postquam
490 1149 560 1213 haec
582 1150 704 1234 scripsi,
727 1148 933 1213 Gallandium
954 1149 1016 1213 vidi
1038 1150 1070 1213 in
1090 1146 1289 1214 Bibliotheca

247 1233 318 1299 PP.
335 1235 416 1299 tom.
429 1235 461 1298 ii.
476 1257 508 1321 p.
518 1241 567 1310 67.
586 1233 738 1298 Cotelerii
752 1236 847 1299 verba
862 1234 926 1298 huc
939 1235 1163 1299 adducentem.
1188 1241 1210 1274 ‘⁶
1221 1234 1289 1299 Co-

246 1322 272 1358 “
287 1320 415 1384 telerius
437 1320 470 1385 in
493 1320 575 1385 notis
598 1321 638 1385 ad
662 1319 802 1384 Constit.
822 1321 940 1406 Apost.
961 1321 1016 1384 lib.
1032 1321 1071 1384 vi.
1093 1342 1164 1406 cap.
1180 1327 1228 1384 16.
1246 1319 1288 1384 ad

246 1407 271 1445 “
286 1405 374 1470 hunc
396 1405 505 1471 locum
527 1406 597 1470 haec
618 1406 725 1470 habet.
770 1407 856 1493 Quia
871 1421 952 1470 teste
967 1407 1172 1493 Hieronymo
1188 1407 1222 1470 in
1236 1406 1287 1470 E-

241 1492 271 1532 '“
285 1491 364 1556 suite
382 1491 455 1556 lxiv.
477 1504 507 1556 4.
538 1493 708 1578 legebatur
735 1492 768 1555 in
794 1513 891 1576 opere
917 1492 1105 1579 apocrypho
1130 1491 1287 1578 inscripto

245 1579 269 1618 “
283 1577 427 1642 Ascensio
449 1577 569 1657 Esaiae,
591 1577 678 1664 quod
700 1578 740 1640 ab
758 1578 923 1662 'Apostolo
943 1577 1059 1641 citatur
1081 1594 1094 1640 1
1112 1577 1191 1641 Cor.
1207 1577 1240 1663 ii.
1255 1597 1285 1656 9.

238 1663 270 1703 '“
287 1663 378 1750 Quod
397 1664 503 1728 omiss
519 1687 579 1728 non
593 1663 673 1726 vidit
693 1664 752 1726 Sec.
774 1677 904 1727 accusat
925 1675 1032 1726 autem
1056 1663 1285 1749 Hegesippum

234 1752 268 1788 '“
283 1749 464 1835 Stephanus
479 1750 627 1814 Gobarus
647 1748 805 1813 Tritheita
828 1748 914 1834 apud
937 1747 1099 1827 Photium,
1115 1749 1206 1834 quod
1221 1749 1285 1814 hoc

245 1837 268 1874 “
283 1855 353 1898 esse
362 1834 477 1900 falsum
490 1835 661 1920 putaverit:
675 1834 827 1919 suspicari
838 1836 909 1919 quis
921 1848 1040 1919 posset,
1049 1835 1095 1897 ita
1106 1834 1231 1899 factum
1243 1835 1285 1899 ab

235 1920 268 1958 “⁶
283 1920 473 2006 Hegesippo
485 1920 517 1983 in
529 1933 753 2005 contemptum
764 1919 1135 2008 voluminisapocryphi.
1161 1922 1285 1985 Verum

236 2009 268 2081 ‚“
282 2004 374 2069 aliter
395 2028 458 2091 ego
480 2005 630 2092 conjicio,
650 2027 688 2068 ac
709 2005 933 2090 Hegesippum
953 2006 1048 2091 culpa
1067 2027 1176 2069 carere
1197 2006 1284 2071 arbi·

235 2093 268 2130 '“
282 2101 367 2171 tror;
382 2106 420 2155 ut
431 2091 487 2177 qui
498 2113 562 2155 non
572 2104 669 2176 neget
680 2112 786 2154 verum
800 2090 969 2176 aliquando
981 2092 1149 2170 exstitisse,
1160 2113 1198 2155 ea
1209 2114 1284 2191 quae

244 2177 268 2215 “
281 2176 373 2240 Deus
388 2176 453 2241 suis
467 2177 666 2262 praeparavit,
681 2175 780 2239 invisa
794 2197 874 2255 esse,
891 2176 1033 2241 inaudita
1047 2189 1078 2240 et
1094 2177 1282 2262 incognita3

231 2258 267 2339 'f‘
281 2261 338 2326 sed
357 2264 413 2349 qui
432 2263 517 2341 velit,
531 2263 669 2349 amplius
690 2284 799 2325 verum
822 2284 886 2326 non
908 2283 977 2326 esse
995 2276 1069 2347 post
1086 2262 1284 2327 incarnatio-

233 2350 266 2434 {“
281 2369 355 2412 nem
371 2362 404 2412 et
418 2348 603 2414 missionem
619 2348 727 2412 Sancti
742 2346 899 2434 Spiritus:
925 2349 1139 2433 subjungente
1156 2348 1284 2424 Paullo,

242 2438 266 2472 “
281 2434 378 2498 Nobis
397 2447 500 2499 nutem
525 2433 673 2498 revelavit
696 2435 783 2496 Deris
803 2448 861 2516 per
885 2433 1037 2516 Spiritum
1060 2455 1159 2510 surim,
1173 2447 1284 2521 -atque

234 2523 266 2595 ·.“
280 2520 470 2606 Hegesippo
496 2523 704 2584 confirmante
729 2519 915 2583 seutentiam
941 2542 1032 2582 suam
1055 2541 1112 2604 per
1133 2519 1286 2584 testimo-

241 2608 265 2644 “
280 2605 369 2670 nium
384 2607 507 2670 Matri.
520 2607 607 2670 xiii.'’

285 2693 409 2755 N1H1r.
427 2692 565 2776 amplius
581 2692 771 2777 Hegesippi,
787 2690 922 2754 affirmat
937 2691 1076 2754 Grabius
1093 2703 1168 2775 post
1182 2691 1284 2756 allata

233 2775 1283 2927 {nihilist{tollistttllttgltth‘‘⁵ihrttl¹¹¹¹t³til

232 2933 235 2939 .
370 2909 380 2939 a
807 2909 814 2923 ·
1123 2909 1129 2925 ·
1179 2927 1206 2949 f„

241 2951 264 2984 “
279 2946 364 3009 enim
386 2947 552 3010 Cod.142.
575 2949 707 3011 Barocc.
731 2948 771 3010 de
792 2948 916 3012 Jacobo
938 2883 1068 3033 legitur,
1090 2962 1283 3032 excerptum

241 3036 263 3070 “
280 3044 328 3094 est
343 3055 381 3095 ex
396 3033 513 3096 Euseb.
528 3033 584 3096 lib.
598 3034 629 3095 ii.
645 3056 715 3118 cap.
729 3048 777 3096 23.
800 3035 918 3118 Neque
939 3032 1060 3095 diversa
1081 3046 1187 3110 erunt,
1202 3056 1282 3119 quae

241 3124 264 3155 “
281 3117 364 3182 Cod.
380 3141 508 3182 cxcvi.
525 3119 734 3182 Bibliothecae
753 3119 908 3182 Caesareae
922 3129 1045 3181 extant:
1070 3117 1229 3202 siquidem
1246 3134 1283 3184 et

231 3210 263 3243 ·“
278 3204 333 3268 illa
353 3205 468 3268 Jacobi
491 3205 656 3267 historiam
685 3205 859 3279 continent,
882 3204 930 3266 uti
951 3203 1142 3268 Lambecius
1163 3203 1221 3267 lib.
1237 3205 1280 3269 iv.

241 3291 310 3353 “in
327 3291 510 3354 recensione
528 3291 618 3353 istius
641 3289 770 3353 Codicis
789 3302 934 3352 testatur.
978 3290 1031 3351 De
1051 3288 1180 3351 alterius
1204 3291 1280 3354 He-

233 3382 262 3414 '“
276 3375 401 3460 gesippi
422 3377 484 3438 sive
505 3377 611 3459 potius
626 3376 751 3460 Josippi
770 3375 912 3452 historia,
927 3375 1019 3456 cujus
1035 3374 1158 3458 aliquot
1174 3376 1279 3440 MSS.

239 3467 263 3500 “
278 3461 469 3545 exemplaria
485 3461 537 3523 hie
552 3462 585 3523 in
597 3461 718 3544 Anglia
730 3461 888 3523 habentur
903 3458 981 3521 nihil
995 3480 1076 3544 opus
1093 3471 1141 3522 est
1157 3459 1279 3540 dicere,

231 3552 262 3586 '“
278 3546 353 3631 quia
368 3546 442 3608 satis
459 3547 606 3609 dixerunt
622 3547 677 3608 viri
696 3545 872 3608 doctissimi
891 3546 936 3607 D.
954 3545 1081 3621 Cavius,
1096 3545 1277 3629 Dupinius,

237 3639 261 3671 “
277 3629 427 3717 aliique.''
457 3632 490 3694 P.
508 3646 576 3694 213.
632 3633 705 3715 lpsa
729 3632 799 3694 haec
825 3630 1145 3715 Pseudo-Hegesippi
1170 3631 1278 3707 histo-

231 3717 295 3794 ria,
312 3716 351 3779 de
366 3739 429 3803 qua
444 3717 524 3796 fuse,
539 3740 611 3780 cum
632 3717 703 3802 plus
718 3716 817 3779 semel
832 3716 917 3778 edita
932 3730 1024 3790 esset,
1040 3716 1095 3783 viri
1110 3714 1156 3778 illi
1172 3718 1278 3802 scrip-

239 3817 359 3880 serunt,
375 3804 462 3887 gravi
478 3825 583 3865 errore
599 3803 631 3865 in
651 3801 796 3888 Calulcgo
812 3800 956 3864 Codimm
968 3800 1170 3864 Bibliothecoe
1183 3802 1278 3865 Har-

239 3885 353 3951 leirmce
367 3888 428 3950 hoc
445 3889 550 3965 titulo,
567 3888 621 3973 qui
642 3889 675 3950 in
693 3888 763 3971 ipso
780 3888 912 3950 fortasse
929 3886 1040 3950 codice
1055 3888 1155 3949 MSto
1172 3903 1276 3967 extat,

237 3973 390 4058 insignita
410 3988 469 4047 est,
493 3973 663 4058 Hegesippi
681 3972 975 4035 Commentariorum
989 3972 1137 4035 Actorum
1160 3973 1276 4037 Eccle-

235 4059 429 4124 siasticorum
450 4056 522 4121 libri
537 4083 564 4120 v.
602 4059 722 4121 Melior
742 4058 854 4121 fuisset
875 4056 1061 4142 hujusmodi
1080 4057 1186 4134 index,
1203 4059 1276 4122 He-

177 4189 179 4193 ·
229 4180 233 4189 ·
260 4144 357 4230 esippi
372 4146 409 4208 de
424 4142 511 4206 Bello
525 4143 653 4206 Jidaico
668 4154 698 4206 et
717 4143 806 4207 Urbis
824 4142 1120 4228 Hierosolymitonae
1135 4144 1274 4208 Excidio

227 4169 312 4294 iibri
325 4254 353 4296 v.
389 4230 517 4294 Etenim
537 4251 595 4316 per
609 4229 747 4294 amicum
763 4228 924 4315 quendam
940 4228 1023 4293 hanc
1038 4250 1106 4293 rem
1121 4251 1275 4316 perscru-
