2716 4748
257 648 526 746 ARISTO
563 648 916 747 PELLAEUS.

452 971 724 1012 ...φ-...-

104 1192 220 1271 donn
238 1196 338 1274 ERN.
356 1199 543 1290 GRABwS,
563 1198 733 1299 Spicileg.
753 1199 921 1291 Petrum,
937 1200 1007 1274 vol.
1024 1199 1063 1274 ii.

518 1352 555 1426 p.
572 1336 654 1415 127.

55 1485 364 1597 Anrs‘ronrs
388 1525 510 1599 Pellaei
533 1552 612 1600 rara
640 1526 681 1597 in
708 1524 951 1624 scriptoribus
973 1522 1103 1597 neere-

60 1643 219 1719 siasticis
245 1650 403 1722 occurrit
428 1649 578 1739 mentio,
605 1675 672 1722 nec
697 1648 796 1739 alibi,
820 1660 997 1745 quantum
1025 1675 1103 1721 me·

64 1767 170 1858 mini,
205 1795 317 1866 quam
351 1771 448 1870 apud
483 1770 618 1844 Euseb.
652 1771 716 1843 lib.
742 1770 789 1843 iv.
825 1769 924 1843 Hist.
959 1769 1101 1843 Ecclos.

64 1914 143 1988 cap.
157 1888 193 1963 6.
212 1904 251 1965 et
272 1892 483 1967 Maximum
505 1895 545 1967 in
567 1894 776 1967 Comment.
794 1891 840 1964 ad
857 1918 937 1991 cap.
958 1907 989 1966 1.
1008 1891 1101 1965 Dio-

66 2015 161 2113 nysii
175 2016 566 2117 Pseudo-Areopagitae
579 2017 624 2090 de
637 2016 799 2116 Mystico
810 2016 1021 2115 Theologia,
1036 2016 1101 2089 ubi

63 2160 147 2210 eum
158 2137 356 2212 Auctorem
365 2139 890 2239 faeitDispntntionirJosonis
899 2137 1100 2237 etPapisoi,

62 2287 146 2359 quae
158 2290 227 2363 pro
240 2265 390 2339 veritate
405 2265 606 2364 Religionis
620 2264 839 2338 Christianae
853 2276 1030 2363 suscepta,
1042 2264 1100 2337 vel

63 2387 193 2461 saltem
207 2389 342 2488 scripta
357 2389 662 2463 fuit-Aristo
678 2389 831 2462 Pellaeus
849 2400 1004 2462 exeunte
1022 2388 1102 2461 Ha-

60 2506 194 2601 driani,
211 2524 260 2603 et,
278 2513 428 2587 ineunte
450 2515 631 2588 Antonini
654 2515 808 2613 imperio
829 2515 962 2588 floruit.
1013 2515 1101 2588 Post

60 2656 176 2707 xvnr.
190 2637 290 2709 enirn
305 2665 443 2712 annum
458 2639 610 2712 Adriani
628 2665 712 2711 eum
729 2638 912 2736 scripsisse
924 2664 970 2711 ex
983 2636 1101 2711 Euse-

59 2760 112 2835 bii
124 2762 245 2835 verbis
262 2776 363 2862 patet
377 2763 464 2859 (vid.
478 2763 573 2836 infra
584 2790 620 2863 p.
634 2764 730 2860 92.);
749 2763 817 2835 sub
831 2762 1021 2835 Antonino
1032 2762 1099 2836 Pio

58 2898 185 2959 nutem
209 2888 474 2986 supradictum
493 2899 687 2960 tractatum
706 2887 751 2958 ab
769 2885 833 2959 illo
850 2885 990 2959 editum
1007 2914 1098 2979 esse,

58 3011 195 3083 exinde
212 3012 356 3110 colligo,
375 3011 472 3108 quod
491 3011 631 3099 Celsus,
649 3009 712 3107 qui
737 3007 915 3081 Hadriani
934 3021 1098 3109 ternpore

57 3144 99 3205 et
127 3133 280 3207 ulterius
313 3134 499 3232 aliquanto
525 3134 629 3222 vixit,
660 3144 751 3206 teste
781 3132 940 3230 Origene
974 3132 1037 3204 lib.
1064 3131 1097 3205 I.

58 3266 188 3327 contra
221 3256 371 3328 Celsum
405 3282 487 3355 pag.
518 3268 552 3329 8.
587 3255 663 3350 ejus
685 3254 925 3326 'mentionem
959 3253 1097 3327 fecerit.

60 3372 156 3448 Haec
172 3376 272 3449 enirn
291 3377 463 3476 leguntur
479 3376 576 3476 apud
594 3375 794 3473 Origenem
812 3374 876 3445 lib.
892 3372 937 3444 iv.
955 3398 992 3472 p.
1014 3386 1095 3464 199.

58 3498 159 3573 Celsi
180 3501 479 3592 Verb2,11anionou
497 3503 571 3578 τινὲς
592 3500 640 3571 καὶ
662 3500 791 3575 Ἰάσονος
807 3500 981 3590 ἀντιλογίαν
998 3500 1096 3592 ἔγνων,

58 3623 94 3692 ori
111 3628 251 3715 γ’ἒλωτος,
269 3624 359 3693 rinnai
376 3624 493 3715 μῖἷλλον
511 3627 601 3698 ἐλέους
618 3622 670 3692 nni
687 3621 789 3711 μίσους
807 3620 904 3708 α’ξῖαν.
949 3617 1098 3719 Ραρὶςοὶ

56 3743 245 3843 cujnsdnm
276 3758 310 3816 et
336 3743 493 3817 «Iasonis
521 3744 775 3816 contentionem
802 3743 894 3832 noni,
924 3760 1097 3817 nontam

56 3865 138 3939 rim
151 3867 310 3965 dignam,
327 3894 433 3967 qnam
449 3868 672 3939 miseratione
689 3881 723 3938 et
740 3866 828 3939 odio.
857 3866 1022 3962 (Adduxi
1039 3848 1097 3943 in·

55 3988 114 4065 fra
131 3991 330 4092 Origenem
349 3990 435 4065 huic
452 3989 611 4064 convitio
628 3988 936 4089 respondentem.)
