<?xml version="1.0" encoding="UTF-8"?>
<!DOCTYPE html PUBLIC "-//W3C//DTD XHTML 1.0 Transitional//EN"
    "http://www.w3.org/TR/xhtml1/DTD/xhtml1-transitional.dtd">
<html xmlns="http://www.w3.org/1999/xhtml" xml:lang="en" lang="en">
 <head>
  <title>
</title>
<meta http-equiv="Content-Type" content="text/html;charset=utf-8" />
  <meta name='ocr-system' content='tesseract 3.04.00' />
  <meta name='ocr-capabilities' content='ocr_page ocr_carea ocr_par ocr_line ocrx_word'/>
</head>
<body>
  <div class='ocr_page' id='page_1' title='image "./reliquiaesacrae00routgoog_0186.png"; bbox 0 0 2716 4748; ppageno 0'>
   <div class='ocr_carea' id='block_1_1' title="bbox 276 274 974 362">
    <p class='ocr_par' dir='ltr' id='par_1_1' title="bbox 276 274 974 362">
     <span class='ocr_line' id='line_1_1' title="bbox 276 274 974 362; baseline 0.006 -21"><span class='ocrx_word' id='word_1_1' title='bbox 276 291 340 362; x_wconf 84' lang='lat'>154</span> <span class='ocrx_word' id='word_1_2' title='bbox 611 274 974 346; x_wconf 73' lang='lat' dir='ltr'>Amorarronas</span> 
     </span>
    </p>
   </div>
   <div class='ocr_carea' id='block_1_2' title="bbox 228 444 1343 4242">
    <p class='ocr_par' dir='ltr' id='par_1_2' title="bbox 269 444 1313 2641">
     <span class='ocr_line' id='line_1_2' title="bbox 277 444 1308 530; baseline 0.006 -22"><span class='ocrx_word' id='word_1_3' title='bbox 277 444 385 527; x_wconf 63' lang='lat' dir='ltr'>rapitur</span> <span class='ocrx_word' id='word_1_4' title='bbox 399 445 589 530; x_wconf 76' lang='grc' dir='ltr'><em>ὑδροφοροῦοοο</em></span> <span class='ocrx_word' id='word_1_5' title='bbox 602 447 658 518; x_wconf 81' lang='grc' dir='ltr'>τοῖς</span> <span class='ocrx_word' id='word_1_6' title='bbox 672 444 847 528; x_wconf 77' lang='grc' dir='ltr'>ςρατιῶταις.</span> <span class='ocrx_word' id='word_1_7' title='bbox 869 444 975 510; x_wconf 81' lang='lat' dir='ltr'>Addit</span> <span class='ocrx_word' id='word_1_8' title='bbox 986 444 1189 513; x_wconf 73' lang='lat' dir='ltr'>Themistlu!</span> <span class='ocrx_word' id='word_1_9' title='bbox 1201 444 1308 514; x_wconf 62' lang='lat' dir='ltr'>Vidine</span> 
     </span>
     <span class='ocr_line' id='line_1_3' title="bbox 277 528 1308 620; baseline 0.006 -28"><span class='ocrx_word' id='word_1_10' title='bbox 277 551 311 592; x_wconf 86' lang='lat' dir='ltr'>se</span> <span class='ocrx_word' id='word_1_11' title='bbox 323 529 442 613; x_wconf 88' lang='lat' dir='ltr'>pictam</span> <span class='ocrx_word' id='word_1_12' title='bbox 456 528 488 592; x_wconf 92' lang='lat' dir='ltr'>in</span> <span class='ocrx_word' id='word_1_13' title='bbox 499 528 610 593; x_wconf 87' lang='lat' dir='ltr'>tabula</span> <span class='ocrx_word' id='word_1_14' title='bbox 620 528 717 615; x_wconf 90' lang='lat' dir='ltr'>hujus</span> <span class='ocrx_word' id='word_1_15' title='bbox 727 530 772 593; x_wconf 92' lang='lat' dir='ltr'>rei</span> <span class='ocrx_word' id='word_1_16' title='bbox 785 530 978 615; x_wconf 76' lang='lat' dir='ltr'>imaginem:</span> <span class='ocrx_word' id='word_1_17' title='bbox 996 532 1232 618; x_wconf 76' lang='lat' dir='ltr'>Imperatorem</span> <span class='ocrx_word' id='word_1_18' title='bbox 1243 534 1308 620; x_wconf 89' lang='lat' dir='ltr'>qui·</span> 
     </span>
     <span class='ocr_line' id='line_1_4' title="bbox 278 613 1309 701; baseline 0.006 -25"><span class='ocrx_word' id='word_1_19' title='bbox 278 613 351 676; x_wconf 91' lang='lat' dir='ltr'>dem</span> <span class='ocrx_word' id='word_1_20' title='bbox 366 614 400 676; x_wconf 90' lang='lat' dir='ltr'>in</span> <span class='ocrx_word' id='word_1_21' title='bbox 414 613 482 676; x_wconf 88' lang='lat' dir='ltr'>acie</span> <span class='ocrx_word' id='word_1_22' title='bbox 502 614 593 676; x_wconf 92' lang='lat' dir='ltr'>Deos</span> <span class='ocrx_word' id='word_1_23' title='bbox 610 627 817 698; x_wconf 69' lang='lat' dir='ltr'>precantem</span> <span class='ocrx_word' id='word_1_24' title='bbox 837 615 959 679; x_wconf 83' lang='lat' dir='ltr'>milites</span> <span class='ocrx_word' id='word_1_25' title='bbox 973 637 1048 681; x_wconf 84' lang='lat' dir='ltr'>vero</span> <span class='ocrx_word' id='word_1_26' title='bbox 1061 615 1164 701; x_wconf 90' lang='lat' dir='ltr'>galeis</span> <span class='ocrx_word' id='word_1_27' title='bbox 1178 616 1309 682; x_wconf 80' lang='lat' dir='ltr'>imbrem</span> 
     </span>
     <span class='ocr_line' id='line_1_5' title="bbox 276 696 1310 784; baseline 0.006 -24"><span class='ocrx_word' id='word_1_28' title='bbox 276 697 480 783; x_wconf 84' lang='lat' dir='ltr'>excipientes,</span> <span class='ocrx_word' id='word_1_29' title='bbox 501 710 535 760; x_wconf 92' lang='lat' dir='ltr'>et</span> <span class='ocrx_word' id='word_1_30' title='bbox 559 719 676 784; x_wconf 87' lang='lat' dir='ltr'>aquam</span> <span class='ocrx_word' id='word_1_31' title='bbox 697 696 822 762; x_wconf 84' lang='lat' dir='ltr'>caelitus</span> <span class='ocrx_word' id='word_1_32' title='bbox 840 697 972 763; x_wconf 70' lang='lat' dir='ltr'>mnsam</span> <span class='ocrx_word' id='word_1_33' title='bbox 994 698 1153 764; x_wconf 86' lang='lat' dir='ltr'>bibentes.</span> <span class='ocrx_word' id='word_1_34' title='bbox 1190 700 1310 766; x_wconf 75' lang='lat' dir='ltr'>Vsus·</span> 
     </span>
     <span class='ocr_line' id='line_1_6' title="bbox 280 780 1310 867; baseline 0.006 -22"><span class='ocrx_word' id='word_1_35' title='bbox 280 801 376 846; x_wconf 86' lang='lat' dir='ltr'>s1us.</span> <span class='ocrx_word' id='word_1_36' title='bbox 430 780 566 845; x_wconf 86' lang='lat' dir='ltr'>Fulmen</span> <span class='ocrx_word' id='word_1_37' title='bbox 592 781 633 845; x_wconf 92' lang='lat' dir='ltr'>de</span> <span class='ocrx_word' id='word_1_38' title='bbox 658 781 744 847; x_wconf 88' lang='lat' dir='ltr'>coelo</span> <span class='ocrx_word' id='word_1_39' title='bbox 769 783 917 867; x_wconf 86' lang='lat' dir='ltr'>precibus</span> <span class='ocrx_word' id='word_1_40' title='bbox 943 784 1010 848; x_wconf 87' lang='lat' dir='ltr'>suis</span> <span class='ocrx_word' id='word_1_41' title='bbox 1036 796 1150 849; x_wconf 87' lang='lat' dir='ltr'>contra</span> <span class='ocrx_word' id='word_1_42' title='bbox 1171 782 1310 851; x_wconf 87' lang='lat' dir='ltr'>hostium</span> 
     </span>
     <span class='ocr_line' id='line_1_7' title="bbox 275 865 1311 955; baseline 0.005 -26"><span class='ocrx_word' id='word_1_43' title='bbox 275 865 569 931; x_wconf 80' lang='lat' dir='ltr'>machinamentum</span> <span class='ocrx_word' id='word_1_44' title='bbox 591 866 734 945; x_wconf 82' lang='lat' dir='ltr'>extorsit,</span> <span class='ocrx_word' id='word_1_45' title='bbox 747 866 813 930; x_wconf 86' lang='lat' dir='ltr'>suis</span> <span class='ocrx_word' id='word_1_46' title='bbox 826 866 935 953; x_wconf 88' lang='lat' dir='ltr'>pluvia</span> <span class='ocrx_word' id='word_1_47' title='bbox 945 869 1127 954; x_wconf 89' lang='lat' dir='ltr'>impetrata,</span> <span class='ocrx_word' id='word_1_48' title='bbox 1140 890 1247 955; x_wconf 91' lang='lat' dir='ltr'>quum</span> <span class='ocrx_word' id='word_1_49' title='bbox 1262 868 1311 935; x_wconf 87' lang='lat' dir='ltr'>siti</span> 
     </span>
     <span class='ocr_line' id='line_1_8' title="bbox 275 949 1312 1034; baseline 0.005 -21"><span class='ocrx_word' id='word_1_50' title='bbox 275 950 468 1014; x_wconf 83' lang='lat' dir='ltr'>laborarent.</span> <span class='ocrx_word' id='word_1_51' title='bbox 503 951 569 1014; x_wconf 90' lang='lat' dir='ltr'>Jul.</span> <span class='ocrx_word' id='word_1_52' title='bbox 591 949 794 1034; x_wconf 90' lang='lat' dir='ltr'>Capitolinus</span> <span class='ocrx_word' id='word_1_53' title='bbox 814 951 847 1014; x_wconf 91' lang='lat' dir='ltr'>in</span> <span class='ocrx_word' id='word_1_54' title='bbox 870 952 982 1017; x_wconf 87' lang='lat' dir='ltr'>Marco</span> <span class='ocrx_word' id='word_1_55' title='bbox 996 952 1155 1016; x_wconf 87' lang='lat' dir='ltr'>Antonino</span> <span class='ocrx_word' id='word_1_56' title='bbox 1174 951 1312 1017; x_wconf 79' lang='lat' dir='ltr'>Pltilasa-</span> 
     </span>
     <span class='ocr_line' id='line_1_9' title="bbox 273 1033 1313 1122; baseline 0.004 -25"><span class='ocrx_word' id='word_1_57' title='bbox 273 1033 333 1118; x_wconf 76' lang='lat' dir='ltr'>plra</span> <span class='ocrx_word' id='word_1_58' title='bbox 347 1056 423 1121; x_wconf 88' lang='lat' dir='ltr'>pag.</span> <span class='ocrx_word' id='word_1_59' title='bbox 435 1048 485 1097; x_wconf 83' lang='lat'>32.</span> <span class='ocrx_word' id='word_1_60' title='bbox 503 1034 555 1097; x_wconf 90' lang='lat' dir='ltr'>ed.</span> <span class='ocrx_word' id='word_1_61' title='bbox 573 1034 669 1099; x_wconf 82' lang='lat' dir='ltr'>Paris.</span> <span class='ocrx_word' id='word_1_62' title='bbox 704 1036 801 1099; x_wconf 85' lang='lat' dir='ltr'>Extat</span> <span class='ocrx_word' id='word_1_63' title='bbox 826 1036 943 1121; x_wconf 88' lang='lat' dir='ltr'>(inquit</span> <span class='ocrx_word' id='word_1_64' title='bbox 964 1037 1044 1100; x_wconf 90' lang='lat' dir='ltr'>Ant.</span> <span class='ocrx_word' id='word_1_65' title='bbox 1067 1037 1200 1122; x_wconf 79' lang='lat' dir='ltr'>l’agius)</span> <span class='ocrx_word' id='word_1_66' title='bbox 1224 1058 1313 1101; x_wconf 89' lang='lat' dir='ltr'>num·</span> 
     </span>
     <span class='ocr_line' id='line_1_10' title="bbox 273 1118 1310 1216; baseline 0.004 -34"><span class='ocrx_word' id='word_1_67' title='bbox 273 1141 347 1182; x_wconf 92' lang='lat' dir='ltr'>mus</span> <span class='ocrx_word' id='word_1_68' title='bbox 363 1131 534 1202; x_wconf 84' lang='lat' dir='ltr'>argenteus</span> <span class='ocrx_word' id='word_1_69' title='bbox 549 1120 581 1181; x_wconf 92' lang='lat' dir='ltr'>in</span> <span class='ocrx_word' id='word_1_70' title='bbox 594 1139 677 1216; x_wconf 82' lang='lat' dir='ltr'>gaza</span> <span class='ocrx_word' id='word_1_71' title='bbox 693 1119 794 1204; x_wconf 87' lang='lat' dir='ltr'>Regia</span> <span class='ocrx_word' id='word_1_72' title='bbox 808 1118 992 1205; x_wconf 89' lang='lat' dir='ltr'>inscriptus,</span> <span class='ocrx_word' id='word_1_73' title='bbox 1007 1122 1058 1184; x_wconf 92' lang='lat' dir='ltr'>M.</span> <span class='ocrx_word' id='word_1_74' title='bbox 1074 1120 1310 1187; x_wconf 78' lang='lat' dir='ltr'>Auroxrxus</span> 
     </span>
     <span class='ocr_line' id='line_1_11' title="bbox 274 1202 1312 1289; baseline 0.002 -22"><span class='ocrx_word' id='word_1_75' title='bbox 274 1203 375 1267; x_wconf 80' lang='lat' dir='ltr'>Aua.</span> <span class='ocrx_word' id='word_1_76' title='bbox 395 1223 457 1266; x_wconf 79' lang='lat' dir='ltr'>ra.</span> <span class='ocrx_word' id='word_1_77' title='bbox 480 1203 514 1265; x_wconf 93' lang='grc' dir='ltr'>Ρ.</span> <span class='ocrx_word' id='word_1_78' title='bbox 528 1202 633 1266; x_wconf 82' lang='lat' dir='ltr'>xxviii.</span> <span class='ocrx_word' id='word_1_79' title='bbox 682 1202 807 1266; x_wconf 91' lang='lat' dir='ltr'>Visitur</span> <span class='ocrx_word' id='word_1_80' title='bbox 824 1218 924 1289; x_wconf 86' lang='lat' dir='ltr'>caput</span> <span class='ocrx_word' id='word_1_81' title='bbox 942 1205 1101 1269; x_wconf 88' lang='lat' dir='ltr'>Antonini</span> <span class='ocrx_word' id='word_1_82' title='bbox 1122 1205 1312 1271; x_wconf 78' lang='lat' dir='ltr'>laureatam.</span> 
     </span>
     <span class='ocr_line' id='line_1_12' title="bbox 276 1287 1311 1376; baseline 0.003 -26"><span class='ocrx_word' id='word_1_83' title='bbox 276 1288 315 1351; x_wconf 91' lang='lat' dir='ltr'>ln</span> <span class='ocrx_word' id='word_1_84' title='bbox 326 1287 452 1372; x_wconf 90' lang='lat' dir='ltr'>postica</span> <span class='ocrx_word' id='word_1_85' title='bbox 464 1287 600 1351; x_wconf 75' lang='lat' dir='ltr'>Retro.</span> <span class='ocrx_word' id='word_1_86' title='bbox 612 1287 712 1351; x_wconf 80' lang='lat' dir='ltr'>Aac.</span> <span class='ocrx_word' id='word_1_87' title='bbox 727 1288 810 1351; x_wconf 79' lang='lat' dir='ltr'>lue.</span> <span class='ocrx_word' id='word_1_88' title='bbox 823 1309 877 1352; x_wconf 86' lang='lat' dir='ltr'>vr.</span> <span class='ocrx_word' id='word_1_89' title='bbox 892 1288 1001 1353; x_wconf 91' lang='lat' dir='ltr'>Coss.</span> <span class='ocrx_word' id='word_1_90' title='bbox 1012 1289 1056 1353; x_wconf 93' lang='lat' dir='ltr'>iii.</span> <span class='ocrx_word' id='word_1_91' title='bbox 1072 1289 1107 1353; x_wconf 93' lang='lat' dir='ltr'>id</span> <span class='ocrx_word' id='word_1_92' title='bbox 1118 1302 1181 1367; x_wconf 89' lang='lat' dir='ltr'>est,</span> <span class='ocrx_word' id='word_1_93' title='bbox 1192 1287 1311 1376; x_wconf 81' lang='lat' dir='ltr'>Religio</span> 
     </span>
     <span class='ocr_line' id='line_1_13' title="bbox 274 1370 1311 1470; baseline 0.002 -34"><span class='ocrx_word' id='word_1_94' title='bbox 274 1371 425 1470; x_wconf 78' lang='lat' dir='ltr'>Augusti.</span> <span class='ocrx_word' id='word_1_95' title='bbox 470 1370 621 1436; x_wconf 90' lang='lat' dir='ltr'>Cernitur</span> <span class='ocrx_word' id='word_1_96' title='bbox 645 1371 827 1436; x_wconf 90' lang='lat' dir='ltr'>Mercurius</span> <span class='ocrx_word' id='word_1_97' title='bbox 848 1385 947 1451; x_wconf 89' lang='lat' dir='ltr'>stans,</span> <span class='ocrx_word' id='word_1_98' title='bbox 962 1373 1018 1459; x_wconf 91' lang='lat' dir='ltr'>qui</span> <span class='ocrx_word' id='word_1_99' title='bbox 1032 1371 1144 1437; x_wconf 89' lang='lat' dir='ltr'>dextra</span> <span class='ocrx_word' id='word_1_100' title='bbox 1156 1387 1311 1458; x_wconf 85' lang='lat' dir='ltr'>pateram,</span> 
     </span>
     <span class='ocr_line' id='line_1_14' title="bbox 274 1454 1311 1523; baseline 0.003 -4"><span class='ocrx_word' id='word_1_101' title='bbox 274 1468 308 1519; x_wconf 91' lang='lat' dir='ltr'>et</span> <span class='ocrx_word' id='word_1_102' title='bbox 323 1456 449 1520; x_wconf 79' lang='lat' dir='ltr'>sinistra</span> <span class='ocrx_word' id='word_1_103' title='bbox 463 1454 639 1521; x_wconf 87' lang='lat' dir='ltr'>caduceum</span> <span class='ocrx_word' id='word_1_104' title='bbox 656 1468 755 1520; x_wconf 91' lang='lat' dir='ltr'>tenet.</span> <span class='ocrx_word' id='word_1_105' title='bbox 798 1457 1013 1521; x_wconf 87' lang='lat' dir='ltr'>Tribunitiam</span> <span class='ocrx_word' id='word_1_106' title='bbox 1035 1458 1105 1520; x_wconf 93' lang='lat' dir='ltr'>Pot.</span> <span class='ocrx_word' id='word_1_107' title='bbox 1119 1457 1227 1521; x_wconf 84' lang='lat' dir='ltr'>xxviii.</span> <span class='ocrx_word' id='word_1_108' title='bbox 1241 1478 1311 1523; x_wconf 86' lang='lat' dir='ltr'>cur·</span> 
     </span>
     <span class='ocr_line' id='line_1_15' title="bbox 274 1539 1313 1627; baseline 0.003 -23"><span class='ocrx_word' id='word_1_109' title='bbox 274 1542 357 1604; x_wconf 82' lang='lat' dir='ltr'>renti</span> <span class='ocrx_word' id='word_1_110' title='bbox 371 1561 455 1604; x_wconf 88' lang='lat' dir='ltr'>anno</span> <span class='ocrx_word' id='word_1_111' title='bbox 471 1542 523 1604; x_wconf 91' lang='lat' dir='ltr'>M.</span> <span class='ocrx_word' id='word_1_112' title='bbox 535 1539 686 1605; x_wconf 88' lang='lat' dir='ltr'>Aurelius</span> <span class='ocrx_word' id='word_1_113' title='bbox 700 1539 783 1604; x_wconf 89' lang='lat' dir='ltr'>iniit.</span> <span class='ocrx_word' id='word_1_114' title='bbox 819 1542 930 1627; x_wconf 70' lang='lat' dir='ltr'>Quare</span> <span class='ocrx_word' id='word_1_115' title='bbox 944 1563 1021 1606; x_wconf 90' lang='lat' dir='ltr'>cum</span> <span class='ocrx_word' id='word_1_116' title='bbox 1036 1540 1080 1604; x_wconf 89' lang='lat' dir='ltr'>Xi</span> <span class='ocrx_word' id='word_1_117' title='bbox 1103 1540 1226 1607; x_wconf 84' lang='lat' dir='ltr'>hiliaus</span> <span class='ocrx_word' id='word_1_118' title='bbox 1238 1541 1313 1607; x_wconf 85' lang='lat' dir='ltr'>acri·</span> 
     </span>
     <span class='ocr_line' id='line_1_16' title="bbox 273 1624 1312 1712; baseline 0.001 -22"><span class='ocrx_word' id='word_1_119' title='bbox 273 1624 342 1704; x_wconf 87' lang='lat' dir='ltr'>bat,</span> <span class='ocrx_word' id='word_1_120' title='bbox 354 1625 460 1689; x_wconf 86' lang='lat' dir='ltr'>dicere</span> <span class='ocrx_word' id='word_1_121' title='bbox 476 1625 630 1702; x_wconf 90' lang='lat' dir='ltr'>Dionem,</span> <span class='ocrx_word' id='word_1_122' title='bbox 642 1626 795 1690; x_wconf 87' lang='lat' dir='ltr'>Marcum</span> <span class='ocrx_word' id='word_1_123' title='bbox 808 1624 892 1689; x_wconf 90' lang='lat' dir='ltr'>hanc</span> <span class='ocrx_word' id='word_1_124' title='bbox 905 1626 1046 1712; x_wconf 83' lang='lat' dir='ltr'>pluviam</span> <span class='ocrx_word' id='word_1_125' title='bbox 1101 1626 1243 1704; x_wconf 84' lang='lat' dir='ltr'>ercurio,</span> <span class='ocrx_word' id='word_1_126' title='bbox 1254 1648 1312 1691; x_wconf 90' lang='lat' dir='ltr'>cu·</span> 
     </span>
     <span class='ocr_line' id='line_1_17' title="bbox 269 1709 1313 1795; baseline 0.004 -22"><span class='ocrx_word' id='word_1_127' title='bbox 269 1709 327 1795; x_wconf 87' lang='lat' dir='ltr'>jus</span> <span class='ocrx_word' id='word_1_128' title='bbox 347 1711 455 1774; x_wconf 90' lang='lat' dir='ltr'>cultus</span> <span class='ocrx_word' id='word_1_129' title='bbox 476 1709 641 1774; x_wconf 89' lang='lat' dir='ltr'>studiosus</span> <span class='ocrx_word' id='word_1_130' title='bbox 662 1721 742 1787; x_wconf 89' lang='lat' dir='ltr'>erat,</span> <span class='ocrx_word' id='word_1_131' title='bbox 759 1709 954 1789; x_wconf 90' lang='lat' dir='ltr'>attribuisse,</span> <span class='ocrx_word' id='word_1_132' title='bbox 976 1710 1004 1774; x_wconf 89' lang='lat' dir='ltr'>is</span> <span class='ocrx_word' id='word_1_133' title='bbox 1025 1730 1179 1775; x_wconf 86' lang='lat' dir='ltr'>nummus</span> <span class='ocrx_word' id='word_1_134' title='bbox 1198 1710 1313 1777; x_wconf 84' lang='lat' dir='ltr'>Dionis</span> 
     </span>
     <span class='ocr_line' id='line_1_18' title="bbox 274 1793 1313 1875; baseline 0.005 -19"><span class='ocrx_word' id='word_1_135' title='bbox 274 1793 348 1857; x_wconf 87' lang='lat' dir='ltr'>fidei</span> <span class='ocrx_word' id='word_1_136' title='bbox 372 1794 474 1871; x_wconf 88' lang='lat' dir='ltr'>testis,</span> <span class='ocrx_word' id='word_1_137' title='bbox 497 1807 536 1858; x_wconf 93' lang='lat' dir='ltr'>ut</span> <span class='ocrx_word' id='word_1_138' title='bbox 556 1794 598 1856; x_wconf 90' lang='lat' dir='ltr'>ab</span> <span class='ocrx_word' id='word_1_139' title='bbox 619 1793 751 1857; x_wconf 88' lang='lat' dir='ltr'>Andrea</span> <span class='ocrx_word' id='word_1_140' title='bbox 772 1794 937 1873; x_wconf 89' lang='lat' dir='ltr'>Morellio,</span> <span class='ocrx_word' id='word_1_141' title='bbox 960 1795 1026 1858; x_wconf 89' lang='lat' dir='ltr'>viro</span> <span class='ocrx_word' id='word_1_142' title='bbox 1052 1794 1243 1875; x_wconf 85' lang='lat' dir='ltr'>clarissimo,</span> <span class='ocrx_word' id='word_1_143' title='bbox 1262 1814 1313 1861; x_wconf 85' lang='lat' dir='ltr'>rue</span> 
     </span>
     <span class='ocr_line' id='line_1_19' title="bbox 273 1877 1312 1964; baseline 0.004 -23"><span class='ocrx_word' id='word_1_144' title='bbox 273 1877 430 1942; x_wconf 86' lang='lat' dir='ltr'>audivisse</span> <span class='ocrx_word' id='word_1_145' title='bbox 443 1878 586 1941; x_wconf 89' lang='lat' dir='ltr'>memini.</span> <span class='ocrx_word' id='word_1_146' title='bbox 607 1879 686 1941; x_wconf 86' lang='lat' dir='ltr'>Ant.</span> <span class='ocrx_word' id='word_1_147' title='bbox 702 1878 786 1964; x_wconf 83' lang='lat' dir='ltr'>Pagi</span> <span class='ocrx_word' id='word_1_148' title='bbox 801 1877 845 1942; x_wconf 85' lang='lat' dir='ltr'>ad</span> <span class='ocrx_word' id='word_1_149' title='bbox 858 1901 932 1942; x_wconf 89' lang='lat' dir='ltr'>ann.</span> <span class='ocrx_word' id='word_1_150' title='bbox 950 1877 1068 1942; x_wconf 76' lang='lat' dir='ltr'>Christi</span> <span class='ocrx_word' id='word_1_151' title='bbox 1085 1891 1153 1954; x_wconf 81' lang='lat'>174.</span> <span class='ocrx_word' id='word_1_152' title='bbox 1187 1881 1312 1945; x_wconf 59' lang='lat' dir='ltr'>Rura</span> 
     </span>
     <span class='ocr_line' id='line_1_20' title="bbox 273 1961 1313 2030; baseline 0.004 -4"><span class='ocrx_word' id='word_1_153' title='bbox 273 1981 356 2026; x_wconf 75' lang='lat' dir='ltr'>rus.</span> <span class='ocrx_word' id='word_1_154' title='bbox 401 1962 486 2026; x_wconf 93' lang='lat' dir='ltr'>Cum</span> <span class='ocrx_word' id='word_1_155' title='bbox 510 1984 607 2026; x_wconf 88' lang='lat' dir='ltr'>unam</span> <span class='ocrx_word' id='word_1_156' title='bbox 630 1962 758 2026; x_wconf 92' lang='lat' dir='ltr'>iconem</span> <span class='ocrx_word' id='word_1_157' title='bbox 779 1963 912 2026; x_wconf 86' lang='lat' dir='ltr'>incisam</span> <span class='ocrx_word' id='word_1_158' title='bbox 936 1984 999 2027; x_wconf 83' lang='lat' dir='ltr'>aere</span> <span class='ocrx_word' id='word_1_159' title='bbox 1018 1961 1313 2030; x_wconf 76' lang='lat' dir='ltr'>CardiualisBam·</span> 
     </span>
     <span class='ocr_line' id='line_1_21' title="bbox 272 2045 1311 2134; baseline 0.003 -24"><span class='ocrx_word' id='word_1_160' title='bbox 272 2047 345 2111; x_wconf 86' lang='lat' dir='ltr'>nius</span> <span class='ocrx_word' id='word_1_161' title='bbox 365 2046 399 2111; x_wconf 92' lang='lat' dir='ltr'>in</span> <span class='ocrx_word' id='word_1_162' title='bbox 412 2045 590 2110; x_wconf 77' lang='lat' dir='ltr'>Annalibus</span> <span class='ocrx_word' id='word_1_163' title='bbox 609 2045 722 2110; x_wconf 90' lang='lat' dir='ltr'>adan.</span> <span class='ocrx_word' id='word_1_164' title='bbox 747 2054 814 2124; x_wconf 86' lang='lat'>176,</span> <span class='ocrx_word' id='word_1_165' title='bbox 839 2047 1062 2134; x_wconf 88' lang='lat' dir='ltr'>Casaliusque,</span> <span class='ocrx_word' id='word_1_166' title='bbox 1077 2048 1129 2111; x_wconf 83' lang='lat' dir='ltr'>De</span> <span class='ocrx_word' id='word_1_167' title='bbox 1151 2046 1234 2113; x_wconf 76' lang='lat' dir='ltr'>Urba</span> <span class='ocrx_word' id='word_1_168' title='bbox 1253 2047 1311 2113; x_wconf 79' lang='lat' dir='ltr'>&amp;c</span> 
     </span>
     <span class='ocr_line' id='line_1_22' title="bbox 273 2129 1312 2230; baseline 0.003 -35"><span class='ocrx_word' id='word_1_169' title='bbox 273 2129 456 2208; x_wconf 84' lang='lat' dir='ltr'>exhibeant,</span> <span class='ocrx_word' id='word_1_170' title='bbox 469 2131 503 2193; x_wconf 93' lang='lat' dir='ltr'>in</span> <span class='ocrx_word' id='word_1_171' title='bbox 524 2153 588 2230; x_wconf 82' lang='lat' dir='ltr'>qua</span> <span class='ocrx_word' id='word_1_172' title='bbox 609 2130 679 2193; x_wconf 88' lang='lat' dir='ltr'>haec</span> <span class='ocrx_word' id='word_1_173' title='bbox 701 2131 769 2194; x_wconf 86' lang='lat' dir='ltr'>sitis</span> <span class='ocrx_word' id='word_1_174' title='bbox 792 2132 956 2196; x_wconf 85' lang='lat' dir='ltr'>Columna</span> <span class='ocrx_word' id='word_1_175' title='bbox 975 2132 1134 2196; x_wconf 86' lang='lat' dir='ltr'>Antonini</span> <span class='ocrx_word' id='word_1_176' title='bbox 1153 2132 1312 2219; x_wconf 78' lang='lat' dir='ltr'>insculpta</span> 
     </span>
     <span class='ocr_line' id='line_1_23' title="bbox 273 2210 1310 2302; baseline 0.004 -24"><span class='ocrx_word' id='word_1_177' title='bbox 273 2215 392 2302; x_wconf 91' lang='lat' dir='ltr'>partim</span> <span class='ocrx_word' id='word_1_178' title='bbox 420 2215 622 2293; x_wconf 79' lang='lat' dir='ltr'>ostenditur3</span> <span class='ocrx_word' id='word_1_179' title='bbox 651 2214 812 2300; x_wconf 90' lang='lat' dir='ltr'>aliamque</span> <span class='ocrx_word' id='word_1_180' title='bbox 840 2229 995 2301; x_wconf 81' lang='lat' dir='ltr'>praeterea</span> <span class='ocrx_word' id='word_1_181' title='bbox 1024 2216 1164 2301; x_wconf 87' lang='lat' dir='ltr'>effigiem</span> <span class='ocrx_word' id='word_1_182' title='bbox 1185 2210 1310 2282; x_wconf 80' lang='lat' dir='ltr'>Hauer-</span> 
     </span>
     <span class='ocr_line' id='line_1_24' title="bbox 272 2298 1310 2386; baseline 0 -21"><span class='ocrx_word' id='word_1_183' title='bbox 272 2322 346 2365; x_wconf 89' lang='lat' dir='ltr'>cam</span> <span class='ocrx_word' id='word_1_184' title='bbox 370 2320 408 2363; x_wconf 86' lang='lat' dir='ltr'>us</span> <span class='ocrx_word' id='word_1_185' title='bbox 421 2301 455 2367; x_wconf 91' lang='lat' dir='ltr'>in</span> <span class='ocrx_word' id='word_1_186' title='bbox 469 2299 522 2364; x_wconf 93' lang='lat' dir='ltr'>ed.</span> <span class='ocrx_word' id='word_1_187' title='bbox 537 2321 595 2364; x_wconf 89' lang='lat' dir='ltr'>sua</span> <span class='ocrx_word' id='word_1_188' title='bbox 608 2298 805 2386; x_wconf 85' lang='lat' dir='ltr'>Apologetici</span> <span class='ocrx_word' id='word_1_189' title='bbox 819 2299 1009 2364; x_wconf 82' lang='lat' dir='ltr'>Tertulliani</span> <span class='ocrx_word' id='word_1_190' title='bbox 1027 2299 1069 2363; x_wconf 88' lang='lat' dir='ltr'>ad</span> <span class='ocrx_word' id='word_1_191' title='bbox 1087 2320 1159 2384; x_wconf 89' lang='lat' dir='ltr'>cap.</span> <span class='ocrx_word' id='word_1_192' title='bbox 1172 2322 1202 2364; x_wconf 84' lang='lat' dir='ltr'>v.</span> <span class='ocrx_word' id='word_1_193' title='bbox 1214 2320 1249 2386; x_wconf 89' lang='lat' dir='ltr'>p.</span> <span class='ocrx_word' id='word_1_194' title='bbox 1261 2300 1310 2365; x_wconf 75' lang='lat' dir='ltr'>dt.</span> 
     </span>
     <span class='ocr_line' id='line_1_25' title="bbox 272 2321 1311 2471; baseline 0.001 -22"><span class='ocrx_word' id='word_1_195' title='bbox 272 2321 419 2471; x_wconf 62' lang='lat' dir='ltr'>ejusdem</span> <span class='ocrx_word' id='word_1_196' title='bbox 442 2385 643 2448; x_wconf 88' lang='lat' dir='ltr'>monumenti</span> <span class='ocrx_word' id='word_1_197' title='bbox 659 2385 825 2470; x_wconf 90' lang='lat' dir='ltr'>posuerit;</span> <span class='ocrx_word' id='word_1_198' title='bbox 848 2385 889 2447; x_wconf 85' lang='lat' dir='ltr'>ab</span> <span class='ocrx_word' id='word_1_199' title='bbox 909 2385 949 2449; x_wconf 87' lang='lat' dir='ltr'>iis</span> <span class='ocrx_word' id='word_1_200' title='bbox 967 2385 1039 2448; x_wconf 89' lang='lat' dir='ltr'>viris</span> <span class='ocrx_word' id='word_1_201' title='bbox 1060 2383 1177 2462; x_wconf 90' lang='lat' dir='ltr'>doctis,</span> <span class='ocrx_word' id='word_1_202' title='bbox 1190 2396 1228 2448; x_wconf 91' lang='lat' dir='ltr'>ut</span> <span class='ocrx_word' id='word_1_203' title='bbox 1240 2384 1311 2450; x_wconf 89' lang='lat' dir='ltr'>Bel·</span> 
     </span>
     <span class='ocr_line' id='line_1_26' title="bbox 271 2469 1311 2557; baseline 0 -23"><span class='ocrx_word' id='word_1_204' title='bbox 271 2470 345 2535; x_wconf 92' lang='lat' dir='ltr'>lorii</span> <span class='ocrx_word' id='word_1_205' title='bbox 367 2470 614 2556; x_wconf 71' lang='lat' dir='ltr'>descriptionem</span> <span class='ocrx_word' id='word_1_206' title='bbox 636 2481 771 2547; x_wconf 88' lang='lat' dir='ltr'>taceam,</span> <span class='ocrx_word' id='word_1_207' title='bbox 788 2469 904 2532; x_wconf 90' lang='lat' dir='ltr'>nobilis</span> <span class='ocrx_word' id='word_1_208' title='bbox 925 2469 1011 2533; x_wconf 89' lang='lat' dir='ltr'>illius</span> <span class='ocrx_word' id='word_1_209' title='bbox 1032 2469 1194 2532; x_wconf 84' lang='lat' dir='ltr'>columnae</span> <span class='ocrx_word' id='word_1_210' title='bbox 1216 2481 1311 2557; x_wconf 86' lang='lat' dir='ltr'>atque</span> 
     </span>
     <span class='ocr_line' id='line_1_27' title="bbox 271 2552 1194 2641; baseline -0.002 -22"><span class='ocrx_word' id='word_1_211' title='bbox 271 2554 408 2641; x_wconf 90' lang='lat' dir='ltr'>hujusce</span> <span class='ocrx_word' id='word_1_212' title='bbox 422 2554 518 2618; x_wconf 92' lang='lat' dir='ltr'>simul</span> <span class='ocrx_word' id='word_1_213' title='bbox 532 2553 674 2617; x_wconf 84' lang='lat' dir='ltr'>historiae</span> <span class='ocrx_word' id='word_1_214' title='bbox 689 2553 820 2616; x_wconf 88' lang='lat' dir='ltr'>diversae</span> <span class='ocrx_word' id='word_1_215' title='bbox 836 2567 943 2637; x_wconf 88' lang='lat' dir='ltr'>partes</span> <span class='ocrx_word' id='word_1_216' title='bbox 958 2552 1094 2638; x_wconf 83' lang='lat' dir='ltr'>depictae</span> <span class='ocrx_word' id='word_1_217' title='bbox 1107 2565 1194 2617; x_wconf 90' lang='lat' dir='ltr'>sunt.</span> 
     </span>
    </p>

    <p class='ocr_par' dir='ltr' id='par_1_3' title="bbox 270 2635 1312 3230">
     <span class='ocr_line' id='line_1_28' title="bbox 319 2635 1310 2724; baseline -0.002 -22"><span class='ocrx_word' id='word_1_218' title='bbox 319 2641 353 2702; x_wconf 90' lang='lat' dir='ltr'>P.</span> <span class='ocrx_word' id='word_1_219' title='bbox 372 2653 438 2715; x_wconf 80' lang='lat'>149.</span> <span class='ocrx_word' id='word_1_220' title='bbox 457 2639 544 2701; x_wconf 83' lang='lat' dir='ltr'>l.1a.</span> <span class='ocrx_word' id='word_1_221' title='bbox 567 2635 772 2723; x_wconf 69' lang='grc' dir='ltr'>κεραονοὸόλον]</span> <span class='ocrx_word' id='word_1_222' title='bbox 796 2637 995 2700; x_wconf 89' lang='lat' dir='ltr'>Jamdudum</span> <span class='ocrx_word' id='word_1_223' title='bbox 1018 2638 1146 2702; x_wconf 91' lang='lat' dir='ltr'>monuit</span> <span class='ocrx_word' id='word_1_224' title='bbox 1166 2637 1310 2724; x_wconf 83' lang='lat' dir='ltr'>Scaliger</span> 
     </span>
     <span class='ocr_line' id='line_1_29' title="bbox 272 2721 1309 2806; baseline 0.001 -21"><span class='ocrx_word' id='word_1_225' title='bbox 272 2723 307 2785; x_wconf 90' lang='lat' dir='ltr'>in</span> <span class='ocrx_word' id='word_1_226' title='bbox 323 2721 649 2785; x_wconf 89' lang='lat' dir='ltr'>animadversionibus</span> <span class='ocrx_word' id='word_1_227' title='bbox 670 2721 869 2800; x_wconf 88' lang='lat' dir='ltr'>Eusebianis,</span> <span class='ocrx_word' id='word_1_228' title='bbox 885 2722 1047 2806; x_wconf 83' lang='lat' dir='ltr'>legionem</span> <span class='ocrx_word' id='word_1_229' title='bbox 1062 2722 1309 2786; x_wconf 88' lang='lat' dir='ltr'>fulminatricem</span> 
     </span>
     <span class='ocr_line' id='line_1_30' title="bbox 273 2806 1309 2892; baseline 0 -22"><span class='ocrx_word' id='word_1_230' title='bbox 273 2808 315 2870; x_wconf 90' lang='lat' dir='ltr'>ab</span> <span class='ocrx_word' id='word_1_231' title='bbox 337 2806 400 2869; x_wconf 95' lang='lat' dir='ltr'>hoc</span> <span class='ocrx_word' id='word_1_232' title='bbox 422 2806 579 2869; x_wconf 90' lang='lat' dir='ltr'>miraculo</span> <span class='ocrx_word' id='word_1_233' title='bbox 601 2806 865 2889; x_wconf 85' lang='lat' dir='ltr'>cognominatam</span> <span class='ocrx_word' id='word_1_234' title='bbox 888 2828 953 2869; x_wconf 90' lang='lat' dir='ltr'>non</span> <span class='ocrx_word' id='word_1_235' title='bbox 970 2807 1079 2884; x_wconf 88' lang='lat' dir='ltr'>fuisse,</span> <span class='ocrx_word' id='word_1_236' title='bbox 1095 2806 1218 2891; x_wconf 88' lang='lat' dir='ltr'>quippe</span> <span class='ocrx_word' id='word_1_237' title='bbox 1239 2828 1309 2892; x_wconf 79' lang='lat' dir='ltr'>qua</span> 
     </span>
     <span class='ocr_line' id='line_1_31' title="bbox 272 2890 1311 2975; baseline 0.002 -22"><span class='ocrx_word' id='word_1_238' title='bbox 272 2891 329 2954; x_wconf 93' lang='lat' dir='ltr'>diu</span> <span class='ocrx_word' id='word_1_239' title='bbox 350 2904 423 2953; x_wconf 89' lang='lat' dir='ltr'>ante</span> <span class='ocrx_word' id='word_1_240' title='bbox 444 2901 591 2975; x_wconf 90' lang='lat' dir='ltr'>tempora</span> <span class='ocrx_word' id='word_1_241' title='bbox 610 2891 660 2951; x_wconf 90' lang='lat' dir='ltr'>M.</span> <span class='ocrx_word' id='word_1_242' title='bbox 674 2890 832 2953; x_wconf 87' lang='lat' dir='ltr'>Antonini</span> <span class='ocrx_word' id='word_1_243' title='bbox 852 2891 898 2953; x_wconf 90' lang='lat' dir='ltr'>ita</span> <span class='ocrx_word' id='word_1_244' title='bbox 919 2904 1030 2954; x_wconf 86' lang='lat' dir='ltr'>vocata</span> <span class='ocrx_word' id='word_1_245' title='bbox 1050 2890 1158 2954; x_wconf 82' lang='lat' dir='ltr'>fuerit.</span> <span class='ocrx_word' id='word_1_246' title='bbox 1202 2892 1311 2955; x_wconf 89' lang='lat' dir='ltr'>Docet</span> 
     </span>
     <span class='ocr_line' id='line_1_32' title="bbox 273 2974 1309 3060; baseline 0.001 -22"><span class='ocrx_word' id='word_1_247' title='bbox 273 2974 307 3038; x_wconf 94' lang='lat' dir='ltr'>id</span> <span class='ocrx_word' id='word_1_248' title='bbox 322 2975 490 3038; x_wconf 82' lang='lat' dir='ltr'>manifeste</span> <span class='ocrx_word' id='word_1_249' title='bbox 510 2974 577 3037; x_wconf 93' lang='lat' dir='ltr'>Dio</span> <span class='ocrx_word' id='word_1_250' title='bbox 594 2974 725 3036; x_wconf 86' lang='lat' dir='ltr'>Cassius</span> <span class='ocrx_word' id='word_1_251' title='bbox 746 2976 779 3037; x_wconf 91' lang='lat' dir='ltr'>in</span> <span class='ocrx_word' id='word_1_252' title='bbox 797 2975 881 3038; x_wconf 90' lang='lat' dir='ltr'>libro</span> <span class='ocrx_word' id='word_1_253' title='bbox 896 2990 946 3039; x_wconf 83' lang='lat'>55.</span> <span class='ocrx_word' id='word_1_254' title='bbox 965 2976 1022 3039; x_wconf 92' lang='lat' dir='ltr'>ubi</span> <span class='ocrx_word' id='word_1_255' title='bbox 1037 2975 1184 3060; x_wconf 84' lang='lat' dir='ltr'>legiones</span> <span class='ocrx_word' id='word_1_256' title='bbox 1198 2996 1309 3039; x_wconf 88' lang='lat' dir='ltr'>omnes</span> 
     </span>
     <span class='ocr_line' id='line_1_33' title="bbox 271 3060 1310 3144; baseline 0.001 -21"><span class='ocrx_word' id='word_1_257' title='bbox 271 3071 449 3124; x_wconf 88' lang='lat' dir='ltr'>enumerat.</span> <span class='ocrx_word' id='word_1_258' title='bbox 486 3060 590 3122; x_wconf 90' lang='lat' dir='ltr'>Vetus</span> <span class='ocrx_word' id='word_1_259' title='bbox 609 3079 740 3144; x_wconf 91' lang='lat' dir='ltr'>quoque</span> <span class='ocrx_word' id='word_1_260' title='bbox 759 3060 925 3144; x_wconf 88' lang='lat' dir='ltr'>inscriptio</span> <span class='ocrx_word' id='word_1_261' title='bbox 948 3082 968 3122; x_wconf 90' lang='lat' dir='ltr'>a</span> <span class='ocrx_word' id='word_1_262' title='bbox 986 3060 1152 3144; x_wconf 87' lang='lat' dir='ltr'>Scaligero</span> <span class='ocrx_word' id='word_1_263' title='bbox 1175 3060 1310 3144; x_wconf 85' lang='lat' dir='ltr'>prolata,</span> 
     </span>
     <span class='ocr_line' id='line_1_34' title="bbox 270 3143 1312 3230; baseline -0.001 -21"><span class='ocrx_word' id='word_1_264' title='bbox 270 3145 408 3230; x_wconf 90' lang='lat' dir='ltr'>idipsum</span> <span class='ocrx_word' id='word_1_265' title='bbox 425 3143 603 3207; x_wconf 86' lang='lat' dir='ltr'>confirmat.</span> <span class='ocrx_word' id='word_1_266' title='bbox 632 3144 856 3228; x_wconf 71' lang='lat' dir='ltr'>Quamobrem</span> <span class='ocrx_word' id='word_1_267' title='bbox 867 3143 908 3206; x_wconf 91' lang='lat' dir='ltr'>de</span> <span class='ocrx_word' id='word_1_268' title='bbox 919 3144 990 3228; x_wconf 88' lang='lat' dir='ltr'>ipso</span> <span class='ocrx_word' id='word_1_269' title='bbox 1004 3143 1135 3229; x_wconf 90' lang='lat' dir='ltr'>quidem</span> <span class='ocrx_word' id='word_1_270' title='bbox 1152 3145 1312 3208; x_wconf 83' lang='lat' dir='ltr'>miraculo</span> 
     </span>
    </p>

    <p class='ocr_par' dir='ltr' id='par_1_4' title="bbox 228 3226 1343 4242">
     <span class='ocr_line' id='line_1_35' title="bbox 294 3226 1310 3326; baseline -0.001 -33"><span class='ocrx_word' id='word_1_271' title='bbox 294 3230 387 3294; x_wconf 87' lang='lat' dir='ltr'>luviae</span> <span class='ocrx_word' id='word_1_272' title='bbox 402 3251 422 3292; x_wconf 92' lang='lat' dir='ltr'>a</span> <span class='ocrx_word' id='word_1_273' title='bbox 436 3228 626 3292; x_wconf 89' lang='lat' dir='ltr'>Christianis</span> <span class='ocrx_word' id='word_1_274' title='bbox 648 3227 804 3290; x_wconf 90' lang='lat' dir='ltr'>militibus</span> <span class='ocrx_word' id='word_1_275' title='bbox 824 3228 1014 3324; x_wconf 70' lang='lat' dir='ltr'>impetratas,</span> <span class='ocrx_word' id='word_1_276' title='bbox 1029 3240 1062 3291; x_wconf 95' lang='lat' dir='ltr'>et</span> <span class='ocrx_word' id='word_1_277' title='bbox 1081 3226 1267 3326; x_wconf 89' lang='lat' dir='ltr'>Apollinari</span> <span class='ocrx_word' id='word_1_278' title='bbox 1281 3242 1310 3292; x_wconf 87' lang='lat' dir='ltr'>et</span> 
     </span>
     <span class='ocr_line' id='line_1_36' title="bbox 271 3251 1310 3395; baseline -0.001 -17"><span class='ocrx_word' id='word_1_279' title='bbox 271 3251 469 3378; x_wconf 71' lang='lat' dir='ltr'>llertulliano</span> <span class='ocrx_word' id='word_1_280' title='bbox 482 3313 672 3377; x_wconf 90' lang='lat' dir='ltr'>testantibus</span> <span class='ocrx_word' id='word_1_281' title='bbox 686 3311 779 3374; x_wconf 84' lang='lat' dir='ltr'>facile</span> <span class='ocrx_word' id='word_1_282' title='bbox 791 3310 951 3375; x_wconf 81' lang='lat' dir='ltr'>credimus</span> <span class='ocrx_word' id='word_1_283' title='bbox 965 3339 972 3374; x_wconf 92' lang='lat'>:</span> <span class='ocrx_word' id='word_1_284' title='bbox 992 3312 1164 3395; x_wconf 87' lang='lat' dir='ltr'>(Eusebms</span> <span class='ocrx_word' id='word_1_285' title='bbox 1179 3311 1246 3376; x_wconf 91' lang='lat' dir='ltr'>hoc</span> <span class='ocrx_word' id='word_1_286' title='bbox 1259 3333 1310 3377; x_wconf 84' lang='lat' dir='ltr'>cs·</span> 
     </span>
     <span class='ocr_line' id='line_1_37' title="bbox 272 3396 1311 3483; baseline 0.001 -23"><span class='ocrx_word' id='word_1_287' title='bbox 272 3398 340 3482; x_wconf 91' lang='lat' dir='ltr'>pite</span> <span class='ocrx_word' id='word_1_288' title='bbox 359 3410 532 3483; x_wconf 87' lang='lat' dir='ltr'>postquam</span> <span class='ocrx_word' id='word_1_289' title='bbox 551 3396 775 3480; x_wconf 87' lang='lat' dir='ltr'>Apollinarem</span> <span class='ocrx_word' id='word_1_290' title='bbox 795 3409 912 3459; x_wconf 89' lang='lat' dir='ltr'>testem</span> <span class='ocrx_word' id='word_1_291' title='bbox 932 3397 976 3459; x_wconf 90' lang='lat' dir='ltr'>rei</span> <span class='ocrx_word' id='word_1_292' title='bbox 998 3396 1118 3474; x_wconf 85' lang='lat' dir='ltr'>citavit,</span> <span class='ocrx_word' id='word_1_293' title='bbox 1136 3396 1311 3462; x_wconf 80' lang='lat' dir='ltr'>Tertullia-</span> 
     </span>
     <span class='ocr_line' id='line_1_38' title="bbox 272 3479 1310 3566; baseline 0 -22"><span class='ocrx_word' id='word_1_294' title='bbox 272 3503 351 3545; x_wconf 93' lang='lat' dir='ltr'>num</span> <span class='ocrx_word' id='word_1_295' title='bbox 367 3502 497 3566; x_wconf 93' lang='lat' dir='ltr'>quoque</span> <span class='ocrx_word' id='word_1_296' title='bbox 517 3481 651 3544; x_wconf 89' lang='lat' dir='ltr'>adducit</span> <span class='ocrx_word' id='word_1_297' title='bbox 670 3481 703 3543; x_wconf 90' lang='lat' dir='ltr'>in</span> <span class='ocrx_word' id='word_1_298' title='bbox 718 3479 917 3566; x_wconf 84' lang='lat' dir='ltr'>Apologetico</span> <span class='ocrx_word' id='word_1_299' title='bbox 938 3481 1007 3566; x_wconf 84' lang='lat' dir='ltr'>ejus</span> <span class='ocrx_word' id='word_1_300' title='bbox 1029 3480 1133 3543; x_wconf 90' lang='lat' dir='ltr'>eidem</span> <span class='ocrx_word' id='word_1_301' title='bbox 1154 3480 1310 3546; x_wconf 87' lang='lat' dir='ltr'>miraculo</span> 
     </span>
     <span class='ocr_line' id='line_1_39' title="bbox 228 3563 1317 3648; baseline -0.002 -18"><span class='ocrx_word' id='word_1_302' title='bbox 228 3624 232 3631; x_wconf 93' lang='lat'>.</span> <span class='ocrx_word' id='word_1_303' title='bbox 273 3566 492 3629; x_wconf 88' lang='lat' dir='ltr'>testimonium</span> <span class='ocrx_word' id='word_1_304' title='bbox 508 3565 710 3628; x_wconf 81' lang='lat' dir='ltr'>adhibentem</span> <span class='ocrx_word' id='word_1_305' title='bbox 722 3567 742 3644; x_wconf 76' lang='grc' dir='ltr'>ι)</span> <span class='ocrx_word' id='word_1_306' title='bbox 761 3564 923 3648; x_wconf 87' lang='lat' dir='ltr'>legionem</span> <span class='ocrx_word' id='word_1_307' title='bbox 935 3586 1008 3629; x_wconf 89' lang='lat' dir='ltr'>vero</span> <span class='ocrx_word' id='word_1_308' title='bbox 1024 3564 1209 3628; x_wconf 90' lang='lat' dir='ltr'>Melitinam</span> <span class='ocrx_word' id='word_1_309' title='bbox 1222 3566 1268 3630; x_wconf 93' lang='lat' dir='ltr'>ob</span> <span class='ocrx_word' id='word_1_310' title='bbox 1279 3563 1317 3629; x_wconf 84' lang='lat' dir='ltr'>id</span> 
     </span>
     <span class='ocr_line' id='line_1_40' title="bbox 272 3648 1309 3733; baseline 0 -19"><span class='ocrx_word' id='word_1_311' title='bbox 272 3650 521 3714; x_wconf 82' lang='lat' dir='ltr'>fulminatricem</span> <span class='ocrx_word' id='word_1_312' title='bbox 542 3671 611 3712; x_wconf 89' lang='lat' dir='ltr'>esse</span> <span class='ocrx_word' id='word_1_313' title='bbox 637 3648 755 3712; x_wconf 90' lang='lat' dir='ltr'>dictam</span> <span class='ocrx_word' id='word_1_314' title='bbox 778 3671 796 3711; x_wconf 91' lang='lat' dir='ltr'>a</span> <span class='ocrx_word' id='word_1_315' title='bbox 816 3650 866 3710; x_wconf 92' lang='lat' dir='ltr'>M.</span> <span class='ocrx_word' id='word_1_316' title='bbox 880 3649 1047 3712; x_wconf 89' lang='lat' dir='ltr'>Antonino</span> <span class='ocrx_word' id='word_1_317' title='bbox 1063 3650 1148 3733; x_wconf 86' lang='lat' dir='ltr'>Imp.</span> <span class='ocrx_word' id='word_1_318' title='bbox 1166 3650 1309 3714; x_wconf 90' lang='lat' dir='ltr'>nondum</span> 
     </span>
     <span class='ocr_line' id='line_1_41' title="bbox 272 3732 1309 3820; baseline 0.001 -23"><span class='ocrx_word' id='word_1_319' title='bbox 272 3734 354 3797; x_wconf 89' lang='lat' dir='ltr'>mihi</span> <span class='ocrx_word' id='word_1_320' title='bbox 374 3734 532 3820; x_wconf 86' lang='lat' dir='ltr'>persuasit</span> <span class='ocrx_word' id='word_1_321' title='bbox 552 3732 758 3818; x_wconf 86' lang='lat' dir='ltr'>Apollinaris.</span> <span class='ocrx_word' id='word_1_322' title='bbox 801 3734 898 3796; x_wconf 91' lang='lat' dir='ltr'>Dicet</span> <span class='ocrx_word' id='word_1_323' title='bbox 916 3734 1000 3797; x_wconf 89' lang='lat' dir='ltr'>forte</span> <span class='ocrx_word' id='word_1_324' title='bbox 1016 3734 1142 3818; x_wconf 89' lang='lat' dir='ltr'>aliquis,</span> <span class='ocrx_word' id='word_1_325' title='bbox 1158 3732 1309 3805; x_wconf 66' lang='lat' dir='ltr'>fulmina</span> 
     </span>
     <span class='ocr_line' id='line_1_42' title="bbox 272 3808 1310 3903; baseline 0.001 -21"><span class='ocrx_word' id='word_1_326' title='bbox 272 3808 410 3882; x_wconf 77' lang='lat' dir='ltr'>tricem&#39;</span> <span class='ocrx_word' id='word_1_327' title='bbox 430 3818 538 3882; x_wconf 92' lang='lat' dir='ltr'>uidem</span> <span class='ocrx_word' id='word_1_328' title='bbox 560 3817 722 3903; x_wconf 89' lang='lat' dir='ltr'>legionem</span> <span class='ocrx_word' id='word_1_329' title='bbox 745 3817 844 3880; x_wconf 88' lang='lat' dir='ltr'>fuisse</span> <span class='ocrx_word' id='word_1_330' title='bbox 866 3831 940 3882; x_wconf 90' lang='lat' dir='ltr'>ante</span> <span class='ocrx_word' id='word_1_331' title='bbox 963 3832 1110 3901; x_wconf 87' lang='lat' dir='ltr'>tempora</span> <span class='ocrx_word' id='word_1_332' title='bbox 1130 3819 1183 3880; x_wconf 93' lang='lat' dir='ltr'>M.</span> <span class='ocrx_word' id='word_1_333' title='bbox 1203 3819 1310 3883; x_wconf 89' lang='lat' dir='ltr'>Anto·</span> 
     </span>
     <span class='ocr_line' id='line_1_43' title="bbox 272 3840 1309 3986; baseline 0.001 -20"><span class='ocrx_word' id='word_1_334' title='bbox 272 3902 358 3980; x_wconf 78' lang='lat' dir='ltr'>nini3</span> <span class='ocrx_word' id='word_1_335' title='bbox 380 3840 437 3966; x_wconf 55' lang='lat' dir='ltr'>seli</span> <span class='ocrx_word' id='word_1_336' title='bbox 459 3904 609 3966; x_wconf 90' lang='lat' dir='ltr'>Marcum</span> <span class='ocrx_word' id='word_1_337' title='bbox 626 3902 669 3964; x_wconf 93' lang='lat' dir='ltr'>ob</span> <span class='ocrx_word' id='word_1_338' title='bbox 684 3917 852 3986; x_wconf 87' lang='lat' dir='ltr'>acceptum</span> <span class='ocrx_word' id='word_1_339' title='bbox 869 3924 887 3965; x_wconf 92' lang='lat' dir='ltr'>a</span> <span class='ocrx_word' id='word_1_340' title='bbox 901 3902 1052 3966; x_wconf 89' lang='lat' dir='ltr'>Melitina</span> <span class='ocrx_word' id='word_1_341' title='bbox 1065 3901 1194 3986; x_wconf 91' lang='lat' dir='ltr'>legione</span> <span class='ocrx_word' id='word_1_342' title='bbox 1214 3903 1309 3967; x_wconf 87' lang='lat' dir='ltr'>bene·</span> 
     </span>
     <span class='ocr_line' id='line_1_44' title="bbox 272 3985 1310 4072; baseline 0 -22"><span class='ocrx_word' id='word_1_343' title='bbox 272 3986 393 4064; x_wconf 85' lang='lat' dir='ltr'>ficium,</span> <span class='ocrx_word' id='word_1_344' title='bbox 410 3987 439 4050; x_wconf 91' lang='lat' dir='ltr'>ei</span> <span class='ocrx_word' id='word_1_345' title='bbox 453 4008 583 4072; x_wconf 93' lang='lat' dir='ltr'>quoque</span> <span class='ocrx_word' id='word_1_346' title='bbox 597 3986 820 4049; x_wconf 85' lang='lat' dir='ltr'>fulminatricis</span> <span class='ocrx_word' id='word_1_347' title='bbox 835 4008 1017 4072; x_wconf 91' lang='lat' dir='ltr'>cognomen</span> <span class='ocrx_word' id='word_1_348' title='bbox 1038 3985 1201 4049; x_wconf 89' lang='lat' dir='ltr'>indidisse.</span> <span class='ocrx_word' id='word_1_349' title='bbox 1248 3989 1310 4052; x_wconf 87' lang='lat' dir='ltr'>Ve-</span> 
     </span>
     <span class='ocr_line' id='line_1_45' title="bbox 271 4070 1343 4149; baseline -0.001 -13"><span class='ocrx_word' id='word_1_350' title='bbox 271 4093 344 4136; x_wconf 89' lang='lat' dir='ltr'>rum</span> <span class='ocrx_word' id='word_1_351' title='bbox 356 4072 382 4135; x_wconf 90' lang='lat' dir='ltr'>si</span> <span class='ocrx_word' id='word_1_352' title='bbox 396 4071 440 4134; x_wconf 91' lang='lat' dir='ltr'>ita</span> <span class='ocrx_word' id='word_1_353' title='bbox 454 4083 549 4149; x_wconf 90' lang='lat' dir='ltr'>esset,</span> <span class='ocrx_word' id='word_1_354' title='bbox 561 4070 701 4134; x_wconf 90' lang='lat' dir='ltr'>secunda</span> <span class='ocrx_word' id='word_1_355' title='bbox 711 4070 909 4135; x_wconf 78' lang='lat' dir='ltr'>hilminatrix</span> <span class='ocrx_word' id='word_1_356' title='bbox 919 4071 983 4135; x_wconf 93' lang='lat' dir='ltr'>dici</span> <span class='ocrx_word' id='word_1_357' title='bbox 994 4071 1160 4135; x_wconf 91' lang='lat' dir='ltr'>debuerat.</span> <span class='ocrx_word' id='word_1_358' title='bbox 1182 4071 1253 4134; x_wconf 92' lang='lat' dir='ltr'>Dio</span> <span class='ocrx_word' id='word_1_359' title='bbox 1264 4083 1310 4135; x_wconf 87' lang='lat' dir='ltr'>ta·</span> <span class='ocrx_word' id='word_1_360' title='bbox 1340 4108 1343 4113; x_wconf 90' lang='lat'>·</span> 
     </span>
     <span class='ocr_line' id='line_1_46' title="bbox 271 4154 1309 4242; baseline 0 -23"><span class='ocrx_word' id='word_1_361' title='bbox 271 4178 345 4221; x_wconf 90' lang='lat' dir='ltr'>men</span> <span class='ocrx_word' id='word_1_362' title='bbox 357 4155 479 4222; x_wconf 85' lang='lat' dir='ltr'>nullam</span> <span class='ocrx_word' id='word_1_363' title='bbox 488 4155 559 4242; x_wconf 90' lang='lat' dir='ltr'>ejus</span> <span class='ocrx_word' id='word_1_364' title='bbox 572 4154 770 4221; x_wconf 87' lang='lat' dir='ltr'>mentionem</span> <span class='ocrx_word' id='word_1_365' title='bbox 782 4155 870 4237; x_wconf 83' lang='lat' dir='ltr'>lacit,</span> <span class='ocrx_word' id='word_1_366' title='bbox 881 4156 1027 4242; x_wconf 90' lang='lat' dir='ltr'>quamvis</span> <span class='ocrx_word' id='word_1_367' title='bbox 1038 4176 1152 4221; x_wconf 88' lang='lat' dir='ltr'>omnes</span> <span class='ocrx_word' id='word_1_368' title='bbox 1164 4155 1309 4242; x_wconf 89' lang='lat' dir='ltr'>legiones</span> 
     </span>
    </p>
   </div>
   <div class='ocr_carea' id='block_1_3' title="bbox 0 0 1362 4748">
    <p class='ocr_par' dir='ltr' id='par_1_5' title="bbox 0 0 1362 4748">
     <span class='ocr_line' id='line_1_47' title="bbox 0 0 1362 4748; baseline 0 0"><span class='ocrx_word' id='word_1_369' title='bbox 0 0 1362 4748; x_wconf 95' lang='lat' dir='ltr'> </span> 
     </span>
    </p>
   </div>
  </div>
 </body>
</html>
