2716 4748
199 234 253 303 nt
269 234 338 303 sn.
358 232 630 301 uroursruru
649 235 707 301 ar
725 234 952 301 ptumum.
1035 252 1096 325 ¹75

54 424 155 471 mena
170 404 361 471 Christianis
382 406 425 469 ad
445 404 576 469 metalla
598 402 772 469 Palestinae
791 417 824 471 et
843 425 900 491 per
912 406 1098 492 AEgyptum

55 490 232 570 damnatis,
244 490 394 555 collectas
407 490 559 588 pecunias
573 488 672 552 misit.
694 490 747 553 De
761 490 825 554 hoc
839 511 929 553 more
944 491 1098 554 Romanae

55 574 215 641 Ecclesiae
235 588 352 661 praeter
372 573 569 660 Dionysium
585 572 825 638 Corinthiorum
842 574 987 660 loquitur
1001 575 1099 637 etiarn

54 658 149 731 Dion
188 659 239 723 ius
252 658 487 725 Alexandrinus
505 658 685 756 Episcopus
698 658 731 722 in
746 658 892 744 Epistola
906 658 946 722 ad
961 659 1099 744 Stepha-

34 752 139 813 'num
177 764 283 829 apem,
299 765 397 831 quam
411 742 508 807 refert
520 743 679 806 Eusebius
693 742 727 805 in
741 743 796 806 lib.
809 743 861 809 vii.
876 764 945 827 cap.
959 757 989 807 4.
1006 750 1036 806 al
1049 742 1101 825 μέν

55 852 100 889 τοι
114 826 216 915 Συρίαν
228 826 290 908 dam
300 829 348 892 aul
363 832 378 906 ἡ
392 824 527 914 Ἀραςία,
539 828 577 902 οἷς
592 830 735 913 ἐπαρκεῖτε
749 827 909 912 indemni}
925 826 962 902 οἷς
977 835 1020 891 νῦν
1035 831 1100 891 ἑπε-

56 910 186 985 ςκῖλατι.
221 911 261 975 Id
276 924 337 992 est,
351 912 452 1011 Syriae
474 928 588 976 omnes
610 923 643 974 et
661 911 793 989 Arabia,
810 912 927 997 quibus
948 912 1101 997 pecunias

56 994 250 1061 idemtidem
271 996 531 1061 subministratis.
573 997 680 1143 &uem
704 994 812 1060 locum
835 996 919 1060 male
939 1009 1102 1063 verterunt

56 1078 261 1179 interpretes.
286 1084 496 1147 Vaassws.
539 1080 572 1143 A
609 1079 680 1144 haec
696 1103 754 1144 nos
769 1080 866 1144 docet
882 1083 992 1145 Petrus
1008 1080 1100 1145 Cou-

57 1176 210 1245 stantius,
246 1166 281 1231 ui
294 1166 342 1229 fra
401 1177 475 1228 enta
497 1164 643 1250 epistolae
665 1164 762 1251 hujus
782 1164 824 1228 ad
844 1166 988 1228 Soterem
1006 1165 1101 1229 editi-

56 1248 117 1313 oni
137 1272 207 1315 suae
253 1250 339 1335 pisto
353 1272 443 1313 orum
465 1250 552 1313 Roas.
571 1248 760 1335 Pontificum
781 1250 922 1327 inseruit,
944 1250 1112 1315 Basilium-

59 1332 221 1399 caesareae
241 1335 444 1421 episcopum,
466 1346 504 1397 ut
525 1334 558 1397 in
578 1334 668 1418 epist.
691 1333 761 1420 ejus
780 1349 850 1399 220.
873 1356 957 1398 stunc
979 1348 1030 1411 70.
1053 1335 1101 1399 vi·

57 1418 138 1486 dere
158 1431 219 1498 est,
234 1420 275 1485 de
295 1418 456 1507 Dionysio
477 1420 625 1483 Romano
648 1419 802 1505 Stephani
822 1419 855 1482 in
878 1419 952 1483 sede
972 1441 1101 1485 succes·

58 1524 145 1582 sore,
160 1504 308 1583 scribere,
322 1505 404 1567 viros
425 1504 466 1567 ab
488 1526 528 1567 eo
550 1504 582 1566 in
607 1502 844 1589 Cappadociam
861 1503 959 1567 fuisse
974 1504 1102 1583 missos,

59 1586 118 1673 qui
141 1588 287 1673 captivos
310 1588 513 1654 redimerent.
567 1588 765 1673 Moremque
790 1588 987 1672 captivorum
1016 1588 1102 1652 redi·

58 1672 255 1737 mendorum
267 1674 300 1737 iu
312 1673 382 1738 aliis
395 1687 549 1758 praeterea
564 1672 706 1737 ecclesiis
722 1673 910 1749 obtinuisse,
926 1694 966 1736 ex
982 1672 1102 1821 Cypri·

56 1755 113 1821 aui
136 1756 214 1822 loco
238 1770 377 1836 constat,
400 1769 437 1821 ut
457 1757 582 1843 pridem
605 1757 647 1821 ad
668 1756 819 1844 Dionysii
843 1756 1004 1821 Corinthii
1055 1778 1103 1821 aec

59 1840 248 1929 fragmenta
266 1842 394 1907 monuit
416 1842 481 1905 Pet.
502 1840 685 1906 Halloixius
698 1855 778 1905 tom.
793 1842 826 1905 ii.
845 1842 925 1913 Vitt.
942 1844 1010 1905 PP.
1029 1841 1103 1906 Ori·

58 1924 162 1991 κακαὶ.
182 1948 216 2013 p.
233 1938 304 2003 785.
325 1935 347 1967 “
365 1924 600 1990 Pulcherrimus
625 1938 674 1990 est
697 1926 821 2004 locus,”
844 1926 961 2012 inquit,
978 1934 999 1966 “
1013 1927 1045 1991 in
1067 1928 1101 1990 S.

59 2016 84 2051 “
179 2012 280 2091 riano,
294 2011 388 2096 epist.
402 2018 452 2075 60.
472 2010 615 2091 (secund.
637 2010 717 2074 Felli
731 2011 877 2075 ordinem
892 2015 954 2092 62.)
973 2011 1029 2075 ubi
1043 2033 1103 2097 pro

59 2102 85 2135 ‘⁸
160 2097 296 2162 rmendis
311 2095 503 2159 Christianis
518 2096 651 2179 captivis
664 2096 765 2159 mittit
786 2096 853 2180 ipse
872 2094 913 2158 ad
934 2096 1103 2181 episcopos

60 2178 263 2245 “Numidas
278 2181 445 2267 ingentem
459 2202 618 2245 summam
634 2202 709 2243 cum
725 2181 908 2244 nominibus
922 2201 1034 2244 eorum
1047 2181 1104 2264 qui

61 2270 86 2305 ‘⁴
96 2264 317 2344 coutulerunt,
327 2264 443 2329 additis
455 2265 552 2328 etiam
566 2265 769 2349 singulorum
786 2263 935 2341 summis3
952 2267 1019 2350 qud
1030 2266 1105 2329 Nu·

62 2356 85 2389 ‘⁸
98 2346 262 2413 midarum
276 2348 432 2425 ecclesiae,
447 2364 480 2413 et
499 2350 676 2433 pracsertim
696 2369 716 2413 e
737 2349 919 2433 captivitate
940 2348 1105 2411 barbarica

60 2440 86 2513 *ξ
98 2432 261 2545 redepnpti
275 2456 408 2498 suorum
423 2435 455 2497 in
471 2434 620 2520 precibus
640 2433 879 2497 benefactorum
896 2432 1103 2498 recordaren-
1186 2430 1192 2440 ’

59 2524 85 2560 SC
98 2532 167 2583 tur·

105 2604 145 2671 P.
160 2608 228 2679 167.
241 2602 265 2669 l.
280 2610 327 2667 16.
348 2602 400 2679 τὲς
414 2602 536 2677 αἰννὸντας
551 2604 694 2687 ἀδελφοὺς]
710 2602 800 2666 Male
815 2604 947 2689 Langus
961 2611 994 2665 et
1009 2601 1105 2666 Mus·

61 2688 159 2765 culus
172 2688 334 2753 redeantes
345 2700 478 2753 vertere.
515 2688 638 2752 Melius
654 2688 785 2752 Rufinus
800 2688 846 2751 ita
859 2688 1103 2772 interpretatur:

62 2770 403 2921 advenienteslp‘ratres
419 2770 562 2837 clementi
576 2773 653 2837 satis
666 2783 696 2836 et
711 2772 873 2836 mitissimo
888 2771 1008 2835 solatur
1022 2770 1104 2834 allo-

63 2858 149 2945 quio.
194 2858 266 2921 Inte
292 2858 352 2943 igit
370 2857 456 2921 enim
474 2858 653 2944 Dionysius
669 2858 780 2921 fratres
796 2856 851 2943 qui
865 2878 904 2921 ex
920 2856 1105 2943 longinquis

62 2964 97 3006 re
123 2940 253 3005 'onibus
272 2944 409 3007 Romam
430 2941 535 3005 venire
555 2956 793 3018 consueverant,
809 2942 940 3026 penuria
960 2941 1048 3041 apud
1069 2962 1104 3007 se

62 3026 95 3091 la
142 3023 286 3091 rantibus
308 3024 486 3091 subsidium
509 3026 639 3112 aliquod
662 3048 681 3089 a
703 3026 853 3109 Romanis
868 3026 1006 3090 relaturi.
1029 3028 1105 3089 VA-

63 3131 217 3177 assius.

107 3194 196 3259 ibid.
218 3196 254 3269 sis
276 3192 361 3259 τέκνα
384 3197 483 3280 πατὴρ
507 3193 670 3279 φνλὸςοργνς
693 3196 887 3281 παρακαλῶν]
913 3195 946 3257 S.
967 3192 1104 3258 Basilius

62 3280 119 3345 M.
135 3280 171 3343 iu
184 3279 332 3365 Epistola
354 3280 396 3343 ad
417 3279 586 3363 Epi-scopos
611 3279 731 3343 Gallice
753 3290 783 3341 at
803 3279 909 3343 ltaliae
931 3299 1020 3341 num.
1034 3290 1104 3342 243.

61 3364 145 3429 olim
160 3376 212 3441 70.
226 3376 348 3443 notata,
361 3360 485 3445 Οἴδαμεν
500 3368 568 3449 γὰρ,
583 3360 623 3427 ὅτι
642 3368 691 3427 οὐκ
704 3361 738 3427 ἅν
752 3389 818 3426 ποτε
833 3363 1002 3427 isileibes&
1017 3369 1103 3444 ἡμῶν,

61 3452 94 3511 ori
113 3452 228 3533 μᾶλλον
247 3446 316 3533 'sti
336 3456 352 3525 ἡ
372 3452 461 3531 antip
480 3453 534 3511 τῶν
554 3448 672 3535 ἐκγόνων
686 3454 733 3525 τῆς
747 3447 853 3522 κοιλίας
868 3453 962 3524 αὐτῆς.
986 3468 1019 3535 p.
1033 3460 1103 3523 374.

60 3532 103 3599 Β.
117 3544 202 3599 tom.
214 3532 259 3597 iii.
272 3532 323 3597 ed.
337 3532 537 3597 Benedictin.

109 3618 146 3682 P.
163 3624 232 3681 168.
247 3617 270 3681 l.
283 3632 314 3681 5.
336 3614 394 3701 οὖν]
412 3618 445 3679 Α
467 3614 618 3701 Stephani
636 3616 684 3681 ed.
708 3617 808 3681 abest.
832 3618 1002 3681 Sraorrr.
1038 3617 1106 3681 Lo·

62 3702 143 3767 cuni
170 3700 264 3765 vertit
289 3700 417 3787 Rufinus
438 3700 502 3764 hoc
526 3700 636 3781 modo,
657 3704 801 3779 Beatam,
823 3700 937 3787 inquit,
959 3699 1105 3764 duximus

63 3785 247 3851 hodiernum
276 3786 475 3850 Dominicom
503 3785 596 3865 diem,
628 3785 661 3849 in
688 3807 752 3872 qaia
781 3784 914 3871 legimus
942 3784 1104 3869 epistolam

62 3882 213 3935 vestram.
252 3870 330 3945 ¹Isne
349 3870 480 3955 legebat
501 3869 643 3957 μακαρίαν
658 3892 715 3956 pro
730 3870 838 3953 ἁγίανὶ
862 3870 914 3933 De
927 3869 979 3933 die
993 3882 1103 3935 autem

62 3954 244 4021 Dominico
257 3954 328 4019 vide
342 3976 416 4041 quae
430 3976 526 4039 supra
539 3955 645 4019 notavi
658 3954 699 4018 ad
714 3956 975 4031 Mustrousm,
990 3976 1022 4038 p.
1036 3960 1103 4029 129.

107 4038 196 4103 lbid.
218 4037 241 4102 l.
264 4044 295 4104 6.
325 4038 494 4125 ἀνέγνωμεν]
520 4040 595 4102 Hoc
617 4038 721 4123 recepi
742 4039 890 4103 codicum
913 4037 1104 4103 auctoritate

60 4136 198 4195 coactus
214 4144 255 4189 ex
274 4124 379 4189 MSti's
395 4122 487 4189 Bodl.
503 4145 561 4188 seu
578 4121 677 4188 Savil.
692 4136 724 4187 et
740 4122 879 4209 Norfole.
901 4144 961 4209 pro
980 4119 1102 4206 ἀνεγνώ-
