2716 4748
461 286 770 372 PRAEFATIO.
1039 295 1145 373 x'xrii·

96 479 158 554 nic
180 477 300 552 fausta
324 488 363 550 et
383 476 504 552 felicia
524 504 663 578 precor.
715 479 879 553 Gaeteras
900 477 985 551 libri
1009 477 1146 552 discre-

96 601 240 701 pantias
257 600 354 700 apud
373 602 522 676 initium
538 602 618 698 ejus
635 615 795 702 repertas
808 626 855 674 ex
871 601 1066 674 collatione
1082 601 1147 675 illa

98 725 242 823 exiguae
258 725 374 823 partis
393 722 495 798 Moti
520 727 673 825 sumpsi,
690 751 802 823 quam
820 726 861 798 in
879 725 1008 798 Grabii
1032 724 1147 798 Sche-

100 847 158 922 dis
175 848 326 921 ineditis
343 847 581 947 deprehendi.

141 970 190 1044 ln
200 971 320 1045 Variis
331 972 571 1046 Lectionibus
583 973 777 1046 contextui·
787 971 1028 1072 adponeudis,
1039 973 1149 1072 longe

99 1094 224 1192 plures
241 1095 459 1184 attulissem,
476 1095 548 1179 nisi
574 1097 689 1168 bonas
711 1095 809 1168 inter
830 1107 868 1167 et
890 1095 1028 1167 nullius
1050 1094 1149 1193 frugi

100 1218 277 1291 lectiones
301 1216 606 1317 distinguendum
632 1244 710 1292 esse
738 1218 1057 1304 existimaveram
1088 1242 1151 1290 ve-

71 1343 72 1346 ’
101 1351 297 1412 runtomcn
324 1340 355 1412 si
380 1364 466 1414 cum
482 1340 634 1436 alicujus
652 1336 811 1415 auctoris
827 1341 1034 1440 fragmento
1050 1338 1153 1437 apud

101 1460 304 1535 Eusebium
323 1474 474 1556 extreme
491 1464 680 1562 negotium
704 1464 796 1536 mihi
822 1464 904 1552 fuit,
921 1489 1070 1536 omnem
1088 1488 1151 1534 va-

102 1587 281 1676 rietatem,
308 1608 418 1682 quum
443 1587 523 1682 jam
550 1586 761 1659 adnotasset
785 1586 971 1659 Strothius
997 1584 1151 1657 Eusebii

100 1706 222 1785 editor
245 1708 479 1800 novissimus,
506 1709 658 1782 nomine
686 1709 764 1806 ejus
794 1710 958 1805 subjecto
984 1721 1151 1807 repeten-

103 1831 189 1906 dum
217 1831 366 1931 putavi3
396 1830 524 1904 addito
548 1831 727 1929 quicquid
752 1858 800 1904 ex
826 1832 970 1930 scriptis
996 1831 1152 1928 aliisque

103 1952 207 2028 libris
228 1964 315 2052 apte
330 1964 368 2026 et
384 1953 525 2026 utiliter
540 1954 786 2053 promendum
804 1955 908 2028 foret.
960 1955 1026 2026 Sin
1049 1953 1154 2030 idem

104 2075 148 2150 V.
164 2075 216 2151 D.
233 2077 273 2151 in
290 2077 510 2150 lectionibus
533 2078 765 2152 recensendis
786 2078 983 2176 aliquando
999 2077 1156 2151 fortasse

105 2201 307 2290 erravisset,
325 2224 521 2299 suppresso
540 2226 661 2274 errore
678 2201 768 2297 ejus,
786 2201 888 2274 taedii
904 2201 1045 2276 vitandi
1066 2226 1152 2274 cau-

105 2327 156 2413 st,
170 2348 248 2397 rem
264 2324 391 2396 transii
410 2323 568 2397 silentio.
609 2324 754 2406 Quibus
772 2337 895 2398 autem
914 2326 1151 2424 scriptoribus

36 2436 38 2441 ¹
106 2447 213 2538 nihil,
226 2457 291 2520 aut
302 2445 416 2520 ferme
427 2447 534 2536 nihil,
547 2446 686 2520 criticae
701 2446 960 2547 disputationis
973 2448 1020 2520 ab
1033 2446 1152 2520 edito-

106 2570 207 2642 ribus
221 2569 341 2642 fuerat
356 2582 442 2643 ante
455 2570 652 2666 adjectum,
666 2595 751 2643 cum
770 2571 809 2645 in
827 2571 897 2643 hoc
913 2596 1046 2669 genere
1059 2568 1151 2643 mibi

106 2694 250 2792 integra
273 2719 330 2766 res
353 2707 442 2784 erat,
466 2693 538 2766 hoc
560 2720 685 2769 meum
707 2693 778 2766 fuit
800 2694 1009 2784 consilium,
1034 2706 1076 2767 ut
1095 2719 1153 2767 ra·

106 2818 182 2890 rius
199 2816 412 2890 varietatem
430 2816 598 2889 lectionis
616 2840 955 2907 commemorarem,
969 2819 1040 2891 nisi
1057 2842 1152 2917 prae·

108 2951 249 3013 sentem
267 2940 485 3038 scripturam
505 2951 724 3012 mutaturus.
776 2939 900 3012 Immo
917 2940 1015 3038 apud
1033 2966 1153 3016 uuum

107 3074 145 3136 et
160 3063 318 3135 altenrm
335 3060 536 3134 eorundem
553 3074 716 3135 versatus
732 3086 780 3134 ex
797 3063 894 3135 mole
911 3064 1023 3136 etiam
1036 3064 1153 3137 edita-

98 3191 189 3260 rum
208 3186 408 3259 lectionum
427 3185 549 3282 selegi,
567 3210 657 3280 quas
675 3211 743 3283 ego
757 3185 968 3282 proferrem.
1021 3183 1152 3260 Unum

109 3307 197 3404 quid
224 3307 287 3380 hic
311 3307 402 3379 libet
424 3299 586 3378 addere.
624 3305 762 3379 Utrum
781 3307 919 3405 duplex
933 3307 1024 3379 olim
1041 3307 1155 3382 fuerit

54 3516 59 3525 ι
103 3457 173 3529 pro
192 3418 360 3523 Strothii,
378 3428 607 3526 aliorumque
629 3444 714 3502 onte
736 3456 821 3504 eum
845 3431 1005 3504 virorum
1028 3430 1154 3506 docto·

110 3578 204 3644 rum,
223 3553 405 3626 sententia
423 3553 586 3625 historice
612 3551 833 3626 Euscbianae
850 3553 975 3644 editio,
1001 3556 1047 3627 ab
1073 3554 1154 3652 ipso

109 3688 256 3751 auctore
272 3676 446 3774 profecta,
464 3702 510 3749 an
529 3677 635 3749 aliter
656 3702 712 3749 res
734 3703 772 3749 se
797 3677 958 3768 haberet,
976 3677 1154 3774 quicquid

108 3799 186 3896 ejus
204 3800 264 3889 sit,
283 3824 358 3871 non
377 3799 537 3872 multum
561 3800 737 3897 putabam
755 3800 942 3892 interesse,
960 3799 1059 3896 quod
1077 3801 1153 3898 fere

111 3936 255 4022 semper
271 3935 461 3996 auctorum
482 3934 689 3995 nostrorum
706 3923 816 3995 verba
833 3923 930 4020 apud
948 3921 1152 3997 Eusebium

111 4046 149 4120 in
166 4058 323 4143 utruque
341 4046 504 4119 editione
513 4045 648 4118 eadem
665 4046 963 4144 permansissent.
1009 4044 1054 4118 Id
1073 4059 1155 4119 tan-

111 4180 192 4243 tum
209 4171 359 4260 notabo,
376 4170 531 4244 alterum
551 4169 712 4244 historiae
729 4169 981 4248 ecclesiastice
1001 4170 1156 4273 scripto-
