2716 4748
336 279 389 349 ru
410 246 678 350 concursu
700 276 1026 347 nueoouuusr.
1131 297 1193 368 41⁷

159 463 279 518 verunt
305 452 520 529 Arelatenses,
544 450 765 516 inveniendum
794 463 843 515 est
867 449 901 513 in
929 450 1058 515 Constit.
1083 450 1194 536 Apost.

161 536 268 604 libii.
283 559 354 626 cap.
367 553 417 603 58.
452 540 495 602 Et
516 536 586 603 haec
630 537 736 601 uidem
759 535 880 602 Valesii
901 535 980 601 mihi
1002 537 1105 622 magis
1125 537 1196 622 pla-

161 636 250 703 cent,
276 646 372 711 quam
396 623 568 712 Lemoynii
593 624 600 638 '
630 645 650 686 a
672 623 704 687 in
732 622 913 707 Prolegom.
940 621 981 686 ad
1006 623 1078 689 Ver.
1107 621 1196 687 Sacc.

161 709 223 774 fol.
235 721 281 775 14.
293 723 326 774 et
339 732 405 796 seq.
421 709 478 774 ubi
493 710 649 774 Florentis
664 708 827 793 ampiexus
840 720 889 771 est
903 709 1102 774 sententiam.
1125 710 1196 774 De·

160 807 233 860 erat
248 796 433 882 praepositio
448 799 475 857 ir
488 810 562 860 ante
575 821 607 881 τη
623 793 760 879 ἐκκλησίᾳ
773 795 805 857 in
820 793 897 856 MS.
912 793 1025 878 Norfoi
1042 841 1050 860 .

208 881 242 944 P.
256 895 326 960 393.
341 881 363 948 l.
378 895 407 946 8.
431 882 478 945 rori
498 887 551 944 τῶν
571 880 718 968 τηρούντων
741 880 787 942 siai
805 883 858 943 wir
871 883 910 960 ri
927 879 1087 978 τηρούντων]
1108 879 1196 948 Cum

160 965 291 1032 deesset
304 968 351 1030 nai
366 966 471 1053 priore
485 967 570 1046 loco,
585 984 616 1031 et
631 975 684 1030 τῶν
698 965 856 1055 posterius
869 966 902 1028 in
916 965 962 1029 ed.
976 965 1116 1051 princepe
1131 967 1196 1035 sive

163 1050 272 1201 Stiria
287 1065 383 1139 atque
398 1052 527 1138 Nreepb.
542 1052 601 1116 hos
622 1051 783 1117 Strothius
803 1051 837 1115 in
855 1050 906 1114 ed.
922 1073 978 1114 sua
992 1066 1119 1116 secutus
1135 1065 1195 1121 est.

160 1138 205 1203 Se
256 1136 369 1203 Vitiesii
394 1139 564 1203 lectionem
593 1152 723 1202 tuentur
747 1136 849 1204 MSS.
874 1136 967 1201 Bodl.
995 1151 1029 1202 et
1054 1136 1195 1222 Norfoi.

162 1221 328 1288 Creterurn
351 1219 508 1289 Eusebius
532 1223 626 1289 finitis
649 1223 817 1287 irenaeanis
841 1221 911 1287 haec
934 1223 1028 1288 verba
1050 1223 1194 1290 addidit:

142 1338 144 1340 ·
160 1309 224 1372 Kal
238 1313 252 1370 i
266 1310 316 1391 μὶν
329 1312 468 1397 Εἰρηναῖος
483 1308 633 1394 φερώνυμός
651 1335 693 1384 τις
712 1307 748 1372 eir
767 1315 800 1394 τῇ
818 1309 1007 1396 προσηγορίᾳ,
1024 1313 1099 1396 αὐτῷ
1111 1338 1142 1373 τε
1155 1317 1196 1397 τῷ

159 1394 254 1482 τρόπῳ
268 1397 434 1479 εἰρηνοταὸς,
447 1403 563 1459 τοιαῦτα
577 1397 643 1482 ὑπὲρ
657 1401 705 1472 τῆς
717 1403 771 1458 τῶν
785 1400 936 1472 ἐκκλησιῶν
950 1397 1048 1481 εἰρήνης
1060 1398 1195 1482 παρεκίν-

159 1494 205 1544 λτν
219 1507 250 1545 τι
262 1481 310 1543 καὶ
325 1485 359 1544 ἔτ
375 1479 491 1544 ἔσθενεν.
514 1487 527 1544 i
547 1482 567 1543 δ’
590 1482 671 1556 αὐτὸς
692 1485 721 1543 ori
740 1479 818 1564 μόνον
835 1485 876 1568 τῷ
892 1480 1015 1568 Βίατοςν·
1039 1483 1086 1544 καὶ
1102 1482 1196 1563 διαφό-

160 1591 217 1651 ροις
237 1567 264 1629 δὲ
286 1580 415 1640 aarum
436 1564 571 1652 ἄρχουσιν
589 1570 752 1645 ἐκκλησιῶν,
766 1570 804 1628 ταὶ
818 1566 989 1643 κατάλληλα
1011 1568 1042 1631 δι’
1063 1571 1195 1641 intramis

160 1651 231 1738 erigi
247 1657 294 1714 rori
310 1650 482 1735 κεκινημένον
495 1652 646 1734 ζητήματος
660 1651 767 1736 ὡμίλει.
789 1652 839 1715 Ac
852 1653 989 1716 Irencetts
1003 1647 1125 1739 quidem
1139 1679 1195 1720 rto·

160 1735 242 1800 mini
264 1758 315 1800 srco
338 1760 407 1802 vere
427 1737 619 1822 respondens,
633 1760 687 1801 nec
708 1735 768 1801 solo
790 1737 910 1801 nomine
931 1736 984 1801 sed
1003 1738 1099 1802 etium
1118 1744 1196 1807 oitoe

160 1821 305 1886 instituto
330 1844 367 1886 oc
387 1824 541 1972 {reposito
565 1822 721 1909 pocfflcos,
740 1837 797 1907 per
817 1822 1012 1887 ecclesiarum
1029 1840 1107 1906 poce
1128 1827 1196 1891 taer

159 1907 283 1972 monuit
303 1918 333 1972 et
353 1906 387 1971 oi

160 1992 276 2058 maltos
297 1992 375 2058 aiios
395 1993 590 2059 ecclesiaram
612 1993 771 2060 antistites
789 1993 827 2057 de
849 1993 1018 2088 questione
1036 1996 1197 2087 proposita

162 2077 274 2144 literas
288 2078 322 2144 in
335 2079 462 2144 eandm
478 2080 662 2144 seutentiam
676 2079 772 2146 misit.

206 2162 291 2229 Ibid.
313 2165 337 2230 l.
350 2182 380 2244 9.
411 2165 599 2251 Eusebium]
626 2166 725 2232 Haud
748 2175 910 2250 propterea
931 2187 1031 2231 serum
1054 2183 1197 2256 pugnare

161 2249 329 2314 credendus
349 2261 395 2315 est
416 2249 578 2327 Eusebius,
601 2273 669 2314 cum
695 2251 847 2314 Victorem
869 2250 945 2315 dicit
969 2267 1112 2317 conatam
1133 2277 1197 2327 essa

161 2335 298 2400 Asianos
317 2336 492 2400 abscindere
515 2335 590 2420 (rid.
607 2359 702 2422 supra
717 2337 756 2400 ad
770 2359 845 2423 pag.
859 2338 955 2417 394).
998 2338 1045 2404 Et
1065 2337 1196 2410 abscidit

161 2420 245 2484 enim
261 2424 621 2500 reconsecrationem
642 2445 689 2486 eos
710 2445 729 2487 a
750 2420 955 2486 communione
973 2444 1030 2488 suo
1046 2425 1196 2506 removit,-

160 2517 193 2570 et
209 2518 335 2573 conates
349 2517 393 2571 est
408 2507 446 2572 oi
460 2507 597 2572 ecciesiae
610 2521 731 2592 corpore
743 2530 915 2606 segregare,
927 2529 995 2573 cam
1008 2511 1114 2575 ceteris
1128 2512 1196 2598 epi·

161 2591 262 2690 scopis
288 2593 330 2656 ud
354 2593 434 2658 idem
454 2593 670 2679 praestandum
693 2604 724 2658 et
747 2591 861 2658 litteris
882 2603 913 2656 et
934 2593 1070 2679 exemplo
1089 2607 1196 2661 auctor

149 2676 240 2764 fuet.
276 2679 323 2742 At
336 2679 477 2773 plerique
491 2691 559 2743 erem
572 2677 676 2764 potius
694 2678 940 2751 commonendum
955 2693 1144 2760 censuerunt,
1160 2693 1197 2746 ut

162 2763 198 2826 in
210 2764 363 2861 proposito
383 2773 444 2831 non
463 2774 665 2849 permaneret.
705 2766 770 2850 Quo
784 2774 901 2848 spectat
916 2764 998 2828 iliud
1010 2765 1198 2853 Hieronymi

146 2848 317 2935 'descript
328 2849 401 2913 ecci.
412 2872 440 2914 c.
451 2864 501 2914 45.
524 2850 637 2916 Victor
647 2851 767 2914 inultos
777 2851 863 2917 Asiae
875 2863 908 2914 et
919 2850 1060 2921 Orientis
1071 2854 1196 2940 episco-

160 2955 235 3021 pos,
251 2936 306 3022 qui
321 2956 402 2999 νιν.
417 2935 493 3000 luna
511 2957 585 3000 cum
600 2935 721 3017 Judaeis
740 2936 858 3022 pascha
876 2935 1091 3018 celebrabant,
1106 2938 1197 3012 dens„
1215 2962 1218 2968 ·

160 3019 286 3084 nandos
303 3019 500 3085 crediderat:
524 3022 555 3084 in
581 3043 644 3107 qua
665 3021 822 3086 sententia
843 3020 877 3085 hi
897 3023 953 3109 qui
975 3021 1197 3109 discrepabant

160 3104 205 3168 ab
220 3105 294 3185 iilis,
307 3105 433 3173 Victori
449 3129 512 3171 non
529 3106 685 3171 dederunt
699 3129 822 3172 manus.
855 3108 954 3171 immo
973 3109 1127 3175 Victorem
1146 3111 1196 3194 ip·

160 3212 232 3255 sum
247 3190 295 3254 bis
307 3214 416 3256 monus
429 3192 557 3271 dedisse,
572 3202 665 3278 atque
679 3215 782 3256 eorum
796 3192 922 3257 monitis
935 3216 1049 3256 morem
1066 3193 1196 3280 gessisse

161 3275 248 3339 hond
268 3286 378 3340 temere
396 3278 573 3343 sentiamus.
617 3278 664 3341 Et
678 3276 712 3341 id
730 3277 852 3364 quidem
866 3277 1033 3343 Anotoiins
1047 3279 1196 3349 Laodice.

159 3383 222 3424 nus
235 3362 400 3446 episcopus,
410 3363 465 3448 qui
478 3361 573 3430 Probo
589 3362 771 3448 imperatore
782 3363 863 3428 circa
874 3386 988 3430 annom
1001 3363 1117 3429 cirini
1125 3372 1196 3445 276.

148 3445 280 3528 floruit,
289 3446 374 3531 apud
385 3448 570 3513 Bucberium
578 3463 655 3536 pag.
664 3461 734 3513 444.
744 3449 854 3512 diserte
866 3449 984 3514 usserit.
1009 3449 1197 3532 Contentio,
1248 3495 1251 3500 ·

161 3531 278 3619 inquit,
288 3533 437 3618 quaedam
450 3551 562 3598 exorta
575 3549 625 3598 est
638 3534 719 3599 inter
733 3557 847 3598 eorum
862 3555 1071 3613 successores,
1082 3536 1196 3605 Victo.

160 3637 231 3680 rem
246 3617 368 3685 scilicet
387 3620 541 3683 Romanae
556 3620 643 3685 urbis
658 3641 697 3682 eo
713 3633 857 3704 ternpore
871 3620 1070 3706 episcopum,
1085 3635 1117 3685 et
1133 3623 1197 3695 Po·

158 3701 174 3767 i
199 3714 332 3782 cratem,
346 3704 403 3790 qui
418 3717 494 3768 tunc
509 3728 541 3769 rn
555 3726 664 3790 eprsco
689 3727 714 3768 rs
729 3704 816 3768 Auae
832 3717 1003 3789 primatum
1021 3727 1133 3790 gerere
1149 3707 1197 3773 vi·

184 3789 320 3853 ebatur:
343 3792 415 3876 quse
429 3791 551 3853 Irenaeo
566 3804 644 3855 tunc
659 3727 774 3855 iialliae
793 3791 889 3875 partis
910 3791 1045 3876 praesule
1060 3793 1196 3857 rectissi·
1264 3797 1267 3801 ’

161 3893 217 3936 me
231 3888 344 3959 pacata
358 3887 417 3953 est,
432 3875 576 3962 utrisque
591 3875 734 3960 partibus
747 3875 781 3944 in
796 3897 853 3938 sua
866 3875 979 3962 regula
996 3898 1196 3961 perseveran-

159 3957 261 4036 tibus,
277 3980 337 4023 noc
354 3981 374 4024 a
392 3975 501 4045 coepto
515 3959 712 4047 antiquitatis
727 3982 816 4024 more
829 3960 1073 4025 declinantibus.
1111 3963 1197 4048 Quo.

160 4043 246 4107 eirca
271 4043 474 4110 Firmiiionus
499 4046 589 4130 epist.
612 4059 663 4122 75.
690 4046 764 4110 edit.
791 4046 911 4111 Pamel.
936 4047 979 4112 ad
1004 4045 1197 4136 Cypriorum

161 4127 292 4193 scribit:
312 4129 403 4194 Scire
417 4130 488 4216 quis
502 4131 598 4195 etiam
614 4130 689 4195 inde
703 4145 820 4217 potest,
835 4132 924 4217 quod
937 4133 1021 4197 circa
1033 4132 1198 4201 celebran-

159 4213 225 4278 dos
239 4212 307 4278 dies
322 4215 450 4303 pasche
465 4230 498 4280 et
512 4217 595 4280 circa
609 4216 711 4283 nrulta
724 4215 788 4293 alia
804 4215 916 4289 diriuae
937 4217 982 4282 rei
1002 4235 1198 4303 sacramenta

208 4319 297 4367 rou.
315 4320 341 4365 1.
659 4322 713 4370 ee

414 1907 515 1996 gavit.
549 1907 615 1972 Nec
634 1932 703 1972 vero
722 1907 763 1972 od
781 1908 936 1972 Victorem
957 1908 1065 1988 solum,
1081 1910 1134 1974 sed
1153 1911 1197 1981 od
1299 1964 1302 1973 .
