2716 4748
60 376 63 381 ,
200 302 255 367 IN
270 300 338 367 BB.
358 297 630 367 DIONYSIUM
648 298 708 366 ΕΤ
728 293 956 364 PINYTUM.
1036 296 1096 364 181

51 468 219 557 -Gou'feras
283 492 335 535 rro
355 466 396 534 de
416 465 669 535 aliisnonnullis
690 465 849 533 baereticis
867 486 973 549 sacras
991 463 1099 531 literas

55 555 235 641 corrigenti
257 576 307 632 us,
331 555 399 619 imo
423 552 715 640 corrumpentibus,
739 566 904 619 auctorem
930 548 1016 628 libri,
1042 551 1100 636 qui

44 642 184 713 Parvus
208 638 424 726 labyrinthus
450 639 622 725 inscriptus
644 649 707 716 eat,
728 638 771 702 ab
795 636 938 702 Eusebio
964 635 1099 701 allatum
1234 664 1238 669 ·

42 722 117 789 ·lib.
130 747 161 789 v.
175 722 263 788 Hist.
277 744 349 810 cap.
365 724 425 788 ult.

62 864 67 873 .
102 810 140 875 P.
154 815 222 887 169.
237 806 260 873 l.
272 821 302 873 8.
324 807 536 891 ἐπιὸεὸλῆκασι]
555 803 799 871 hiericuntinam
814 807 891 871 MS.
908 803 1050 892 Norfolc.
1065 816 1101 872 et

47 892 194 1043 Μοῖρά.
206 893 324 979 quibus
344 892 511 957 addendus
528 891 602 956 coa.
617 890 711 957 Bodl.
726 891 787 957 etsi
802 891 848 955 ibi
865 889 1099 972 ὶπιὲιέιυλιῦμα·

55 984 103 1043 Teu
140 977 215 1042 acili
236 999 344 1043 errore
369 976 525 1063 scriptum
543 988 604 1041 eat.
639 981 663 1015 “
679 977 731 1040 Ita
751 976 924 1040 nimirum’'
943 974 1001 1060 (ait
1015 974 1099 1040 Hal·

53 1062 176 1129 loixius
195 1061 238 1126 ad
255 1083 332 1162 pag.
353 1072 424 1137 777.
443 1076 524 1127 tom.
538 1061 573 1125 ii.
594 1059 628 1125 V
625 1057 678 1124 itt.
691 1063 761 1126 ΡΡ.
784 1059 953 1143 Oriental.)
975 1067 998 1100 “
1014 1080 1099 1124 sem·

56 1144 1102 1297 52ufficffjgrpmeggpffiopumffimfflmffi.Sep

50 1322 81 1379 -‘.‘
95 1250 233 1381 latrum
256 1252 458 1401 providelites
483 1253 679 1380 terribilibbs
706 1314 741 1378 in
765 1308 869 1414 ejusm
916 1314 926 1378 i
954 1312 1102 1379 homines
1201 1373 1204 1380 ,

57 1408 82 1445 “
96 1400 183 1466 duce
195 1401 291 1466 beato
307 1403 430 1465 Irenaeo
444 1399 495 1465 usi
510 1413 586 1466 sunt
598 1398 887 1486 adjurationibus.”
913 1399 1046 1485 Optime
1058 1399 1101 1467 cl.

48 1530 53 1541 ·
80 1506 192 1572 noque
206 1485 329 1551 Keilius
343 1486 377 1551 in
390 1485 489 1551 Notis
503 1485 546 1549 ad
560 1483 636 1549 edit.
652 1507 725 1549 nov.
740 1483 937 1549 Fabricium
950 1483 1102 1550 Biblictlt.

51 1508 170 1637 ¹¹llaec.
186 1569 328 1636 tom.vii.
342 1591 375 1656 p.
391 1577 457 1635 163.
494 1577 517 1610 “
532 1570 603 1634 Has
617 1568 770 1654 epistolas
791 1590 866 1634 suas
884 1568 954 1655 ipse
968 1569 1103 1658 Diony·

49 1662 83 1714 .“
94 1655 164 1721 sius
180 1676 201 1719 a
216 1654 362 1745 pluribus
380 1653 526 1742 queritur
540 1676 636 1718 cortu
659 1666 707 1718 tas
722 1653 831 1732 fuisse,
848 1654 893 1719 ita
907 1654 1050 1741 quidem,
1064 1665 1104 1721 ut

58 1746 82 1782 “
94 1739 163 1807 elia
182 1741 419 1819 omitterentur,
432 1740 496 1804 alia
516 1761 591 1804 vero
611 1675 805 1803 alderentur
811 1763 821 1819 3
841 1761 906 1826 qua
928 1760 968 1803 ex
982 1760 1017 1804 re
1038 1739 1104 1804 fre-

52 1830 82 1885 .‘.‘
164 1846 202 1890 ne
225 1824 339 1890 harum
362 1824 573 1911 epistolarum
594 1846 683 1904 usus,
704 1844 809 1910 neque
831 1824 963 1909 exigua,
982 1824 1016 1889 in
1038 1844 1105 1911 qua

58 1916 83 1951 “
96 1846 241 1988 hilinum,
255 1908 440 1989 auctoritas,
458 1910 534 1975 satis
549 1922 658 1994 aperte
673 1908 913 1994 cognoscitur.”

52 2044 55 2049 -
103 1994 192 2059 Iblfl.
204 1995 228 2059 l.
240 2009 289 2058 22.
312 2002 339 2056 eti
353 2001 427 2072 μόνον
440 2003 496 2063 τοῖς
510 1995 554 2056 ὑπ’
567 1998 657 2064 αὐτὸν,
672 1995 733 2054 ἀλλ’
746 1995 791 2060 iia
805 1996 850 2055 nal
866 2003 921 2063 τοῖς
937 1992 1011 2078 hm]
1027 1994 1105 2059 Hoc

57 2078 178 2145 fecisse
197 2078 324 2143 videtur
342 2076 524 2165 Dionysius
544 2077 770 2141 convenienter
813 2079 880 2142 raxi
896 2091 929 2142 et
948 2078 1106 2144 doctrinae

55 2163 178 2230 veteris
197 2163 353 2241 ecclesiae,
367 2184 441 2248 quae
465 2183 576 2226 curam
597 2174 630 2224 et
651 2098 890 2227 solicitutlinem
905 2162 947 2226 de
962 2162 1107 2230 ecclesiis

57 2249 218 2315 universis
230 2270 295 2313 uon
309 2248 417 2312 solum
429 2245 585 2345 apostolis
598 2245 698 2310 fuisse
714 2267 922 2310 communem
942 2247 1107 2328 credebat,

57 2333 122 2400 aed
132 2333 232 2398 etiam
245 2332 395 2397 omnibus
411 2331 571 2416 episcopis
585 2329 785 2394 incumbere.
811 2331 912 2396 Cone.
927 2333 970 2396 Is.
984 2331 1107 2403 Casan,-

57 2418 290 2484 bonum'cum
314 2417 347 2480 in
374 2415 517 2480 Exercit.
543 2415 604 2478 xvi.
633 2416 714 2500 ejus·
731 2414 773 2478 ad
800 2416 945 2480 Annales
974 2416 1107 2483 Baronii

60 2516 222 2599 cap.,14l.
237 2502 293 2566 ubi
310 2521 350 2565 ex
370 2502 404 2564 S.
422 2500 662 2586 Chrysostomo
684 2498 748 2563 hoc
770 2501 875 2586 ipsum
896 2500 1107 2581 confirmarit,

61 2600 138 2653 tum
157 2586 304 2674 ejusdem
324 2585 383 2651 viri
402 2584 522 2649 summi
542 2583 688 2647 libellum
708 2605 854 2663 aureum,
869 2585 925 2649 sed
940 2607 1106 2673 nunquam

63 2670 265 2749 absolutum,
280 2672 332 2734 De
344 2669 506 2734 Libertate
520 2667 754 2748 Ecclesiastico,
774 2690 845 2755 cap.
859 2669 904 2734 iii.
921 2673 951 2754 ξ.
963 2682 994 2735 4.
1039 2672 1107 2736 Ita·

61 2779 131 2843 que
150 2756 263 2821 alienae
284 2754 416 2820 ditionis
436 2752 584 2818 homines
601 2752 759 2818 instruere
777 2769 876 2854 atque
896 2776 1027 2820 monere
1046 2777 1108 2844 pro

58 2841 137 2927 jure
145 2863 208 2906 suo
219 2840 328 2927 potuit
337 2860 375 2904 ac
387 2838 499 2903 debuit
513 2838 701 2924 Dionysius,
713 2838 762 2904 vel
774 2841 875 2926 quivis
888 2840 969 2905 alius
980 2841 1108 2928 episco-

61 2925 331 3075 pmlpaattlrolicffi‚
344 2922 483 3073 maxime
502 2923 659 3072 siquagrdto
677 2924 816 3074 relshlidei
829 2937 934 3073 atqup³
943 2926 1108 3077 ‘ingimfli

96 3033 281 3183 ..mm
297 3024 493 3177 nisibi
505 3024 1019 3178 tftltl¹all¹zz¹toet¹73
1031 3032 1108 3159 25..

61 3194 138 3264 pare
164 3179 256 3243 latiur
279 3177 425 3255 ecclecioe,
453 3178 540 3261 crcjus
561 3191 620 3269 per
640 3176 746 3242 varias
792 3199 849 3242 aas
872 3200 909 3242 ae
931 3178 1108 3262 provincias

62 3263 204 3329 membra
218 3263 259 3327 cli·
275 3274 342 3327 ecta
356 3273 439 3341 mut,
454 3260 615 3326 excubare.
630 3282 663 3347 p.
675 3274 726 3326 41.
738 3299 739 3302 =
785 3200 945 3327 ‚Baluzii
969 3263 1107 3331 Pulchre

63 3361 177 3451 autem
198 3347 240 3413 de
283 3369 322 3411 ac
344 3358 504 3445 potestate
521 3345 681 3437 disseruit,
696 3359 813 3445 praeter
826 3346 1107 3445 casaubonumtn

63 3430 1108 3601 &lutilfftzblnltjtlamitalem.

64 3601 220 3689 Eapccit‘c
241 3600 285 3666 ad
304 3622 383 3687 pag.
402 3614 468 3664 151.
489 3599 531 3664 cl.
553 3600 755 3687 Biughamus
776 3601 832 3665 lib.
847 3601 880 3666 ii.
903 3601 994 3691 orig.
1015 3602 1108 3670 Eccl.

64 3708 136 3775 cap.
147 3702 180 3751 a.
225 3686 276 3750 Ita
289 3698 323 3750 et
335 3685 419 3750 infra
431 3685 464 3748 in
478 3684 529 3749 his
543 3685 732 3770 fragmentis
747 3687 933 3784 apostolicae
947 3686 1045 3775 hujus
1059 3701 1109 3756 ate
1246 3728 1249 3732 -

64 3792 129 3859 qne
142 3770 314 3836 catholica
328 3768 529 3835 auctoritatis
542 3784 690 3856 respectu
704 3769 816 3835 habrto
832 3770 987 3837 Themiso
1007 3774 1110 3839 Mon·

64 3858 184 3922 tanista
220 3854 411 3940 uidam,qui
424 3854 623 3918 avexatione
637 3876 696 3940 pro
720 3869 767 3920 ter
780 3855 876 3919 fidem
890 3856 1107 3923 Christianam

67 3942 174 4027 pretio
192 3878 272 4006 into
295 3960 330 4005 ee
350 3938 539 4017 redemerat,
556 3939 597 4003 ab
616 3877 793 4024 Apollonio
812 3941 994 4027 corripitur,
1018 3942 1109 4029 quod

65 4046 183 4111 gerens
205 4046 278 4091 sese
302 4037 455 4111 tanquam
478 4035 653 4110 martyrem
679 4044 776 4088 ausus
794 4037 855 4104 eat,
874 4026 1040 4109 μιμοῦμινος
1061 4025 1111 4090 eir

68 4110 216 4190 ἀτόςολον,
229 4110 383 4188 καθολκήν
395 4134 459 4191 riva
471 4106 675 4190 συνταξάμενος
685 4111 825 4190 heolin,
835 4115 971 4198 κατηχιῖι
982 4113 1034 4193 μὶν
1045 4111 1109 4186 τοὺς

69 4192 177 4277 ἄμεινον
204 4199 290 4261 αὐτοῦ
316 4192 533 4275 cumminas,
562 4193 790 4284 συνκγωνίζεθαι
819 4195 848 4258 ii
878 4198 936 4270 τοῖς
959 4201 1007 4274 τῆς
1030 4218 1111 4262 xus·

564 4288 619 4344 ua
