2716 4748
139 300 208 405 ,m
226 302 361 370 ssrsr.
378 297 602 368 urrunnu.
623 299 681 365 nr
700 297 978 366 sueonum.
1019 314 1084 386 329

46 472 187 561 antiquis
199 485 235 537 et
248 470 363 537 merito
377 481 536 558 nmrtyras
548 472 751 556 nuncupatos
763 469 872 548 fnisse,
884 490 943 534 nec
958 483 1086 539 contra-

47 561 133 625 rium
169 557 227 623 uid
241 578 281 623 ex
293 557 344 621 his
358 556 453 620 dictis
467 577 487 620 a
500 576 664 642 quoquam
684 554 790 619 adhuc
804 555 990 621 collectum.
1035 559 1089 624 Its

46 643 115 710 ille.
211 665 232 707 o
256 642 291 706 S.
316 642 459 728 Serapio,
487 642 542 728 qui
567 641 631 704 hoc
654 640 778 704 -saeculo
802 640 911 704 floruit
933 643 1087 724 secundo,

48 729 193 816 episcopi
213 727 384 814 cujusdam
406 726 687 811 subscriptionem,
711 725 806 788 fldem
832 725 911 788 olim
935 728 1087 808 confessi,

48 814 247 879 conservavit
272 813 305 876 in
329 811 468 897 epistola
491 812 532 875 ab
555 811 696 875 Eusebio
717 809 774 873 lib.
790 833 818 873 v.
841 810 930 874 Hist.
949 832 1020 898 cap.
1039 829 1087 892 19.

49 911 212 983 excerpta,
225 919 292 984 qua
305 896 375 983 ipse
389 918 423 960 se
437 897 608 982 episcopus
624 907 800 980 martyrem
815 895 971 980 appellat3
993 899 1089 985 Αὐρή-

49 999 109 1060 λιος
130 984 260 1070 Κορῆνοος
280 983 388 1069 μάρτυς
409 985 533 1068 sipisim
553 984 624 1061 ὑμᾶς
645 978 774 1065 εὀχομοο.
801 980 1087 1047 S.SERA1>10N18

49 1069 247 1154 Ftagmenta
260 1067 331 1132 vide
346 1066 441 1130 infra.
482 1065 546 1129 Sed
565 1081 683 1142 tamen,
698 1077 849 1131 monente
869 1065 940 1151 ipso
960 1088 1091 1154 quoque

103 1153 231 1231 -rianb,
256 1152 312 1236 qui
338 1162 422 1215 mart
471 1173 515 1213 rm
544 1149 676 1213 nomine
704 1149 901 1212 confessores
931 1153 1092 1237 appellare

51 1153 147 1316 {diga
164 1234 321 1323 Confessio
336 1170 496 1299 eaorniidm
509 1234 626 1332 glories
642 1244 699 1312 est,
712 1256 773 1298 non
793 1235 940 1298 meritum
949 1236 1024 1323 jam
1045 1260 1093 1303 οο-

50 1339 150 1386 rossae.
165 1343 170 1351 ·
186 1323 239 1386 De
255 1321 383 1385 Unitote
397 1319 549 1384 Ecclesiae
563 1342 595 1404 p.
610 1331 677 1394 117.
693 1318 743 1382 ed.
760 1317 850 1382 Felli.
916 1390 919 1395 p

96 1399 132 1471 Ρ.
143 1420 214 1484 293.
229 1405 252 1469 Ι.
266 1419 297 1470 3.
320 1405 464 1490 ὁμόλογοι]
483 1402 652 1488 ipsiorum)
666 1403 748 1467 MS.
765 1402 905 1488 Nosfolc.

95 1490 183 1555 Ibid.
205 1490 228 1554 l.
241 1501 271 1565 7.
304 1489 406 1552 πάντα
431 1494 468 1551 τὰ
495 1487 570 1573 lbra]
596 1489 697 1551 πάντα
721 1488 814 1552 abest
839 1487 881 1551 ab
908 1488 955 1553 ed.
985 1489 1092 1576 Stepll.

54 1578 227 1641 sraora.
269 1575 388 1660 Neque
404 1573 552 1658 agnoscit
567 1573 616 1636 Ra
640 1592 709 1636 aas.

99 1659 185 1724 Ibid.
200 1659 222 1722 l.
235 1671 265 1722 8.
287 1657 394 1740 ἐποίεον]
414 1665 556 1731 octobres
576 1659 603 1720 C
640 1654 751 1741 istopll.
768 1655 870 1719 Lecti.
905 1658 989 1722 Mox
1009 1659 1095 1747 apud

53 1743 195 1811 eandem
210 1743 301 1808 deest
313 1743 375 1816 τός.
398 1744 568 1806 Srsora.

64 1860 67 1865 ·
99 1827 186 1893 ibid.
204 1828 227 1891 1.
245 1841 290 1891 13.
313 1834 390 1890 octor
404 1828 455 1908 μὲν
468 1826 657 1911 meropius]
674 1825 807 1890 Rufinus
824 1827 910 1892 hunc
925 1829 1034 1893 locum
1050 1829 1096 1895 ita

54 1913 162 1978 vertit.
203 1910 380 1976 Florebant
401 1932 514 1988 omnes,
532 1910 685 1975 acesinem
705 1910 901 1977 accusabant.
945 1913 1096 1979 Christo·
1162 1920 1166 1931 “

102 2018 238 2061 orsonus
249 2017 325 2060 vero
337 2008 371 2060 et
384 2008 458 2059 ante
472 1995 563 2059 illum
586 1996 719 2082 Longus
743 1996 789 2060 sic
810 1997 1010 2084 interpretari
1029 2021 1099 2063 ma-

94 2082 131 2161 ’t,
144 2080 307 2168 defendere
320 2078 599 2158 messanensium
612 2100 767 2144 accusare.
810 2083 918 2169 Quam
941 2084 1096 2171 interpre-

55 2165 216 2233 tationem
229 2166 366 2251 probare
380 2184 443 2229 non
458 2185 602 2251 possam.
637 2167 755 2250 Neque
770 2167 856 2230 enim
872 2168 904 2231 in
918 2169 1036 2233 Graeco
1051 2169 1102 2233 di·

57 2252 144 2317 citur
164 2251 231 2338 isio
255 2248 372 2313 errimus
394 2255 594 2332 ἀπελογοῦντο,
618 2249 674 2313 sed
696 2255 790 2312 earo
813 2256 864 2314 ἀπ.
909 2252 972 2316 Sed
993 2273 1099 2339 neque

59 2348 219 2422 martyres
233 2334 281 2398 illi
295 2349 431 2399 cunctos
445 2333 512 2396 sine
526 2333 710 2397 discrimine
725 2332 953 2414 defendebant,
969 2337 1099 2402 haereti·

58 2424 118 2485 c'bs
130 2419 265 2497 scilicet,
279 2420 300 2483 J
302 2419 412 2483 udaeos
431 2430 464 2482 et
486 2418 643 2482 Gentiles.
688 2419 819 2482 Rectius
836 2419 946 2506 itaque
960 2423 1099 2487 Mnscu-

58 2505 112 2570 lus
131 2504 237 2582 vertit,
258 2503 398 2567 omnibus
418 2502 571 2567 rationem
580 2501 663 2588 fidei
685 2524 751 2566 suae
770 2503 949 2568 reddebant.
995 2506 1101 2573 Possis

58 2589 159 2655 etiarn
173 2601 295 2653 vertere
310 2587 448 2651 amnibus
461 2609 494 2650 se
506 2587 705 2650 excusabant.
750 2587 789 2651 ld
802 2589 887 2652 enim
909 2590 1038 2676 proprie
1051 2603 1102 2656 est

59 2677 265 2756 ἀπολογεῖθαο.
301 2673 399 2736 Unde
412 2671 586 2758 Apologia
601 2671 816 2751 sacerdotum,
830 2672 871 2736 de
885 2674 1003 2760 quibus
1018 2677 1101 2740 Gre-

60 2758 174 2845 gorius
189 2759 333 2842 Magnus
344 2759 379 2821 in
393 2757 658 2837 sacramentario.
677 2758 886 2822 Vaassws.
924 2759 1023 2823 Suam
1037 2761 1102 2849 igi-

60 2857 117 2907 tnr
127 2841 230 2940 ipsius
243 2842 311 2906 inte
351 2841 540 2905 retationem
556 2842 718 2926 corrigere
731 2841 832 2906 voluit
845 2843 1006 2908 Valesius.

99 2927 229 2991 .lb1d.l.
246 2939 293 2990 14.
328 2941 392 2990 λοον
405 2927 456 3008 pis
470 2924 608 3002 ἅπαντας,
623 2926 769 3009 ἐδέσμευον
779 2928 806 2989 δὲ
825 2927 930 3012 οὐδένα]
948 2929 1033 2994 Quae
1049 2931 1102 2996 su·

61 3010 147 3076 erint
161 3024 267 3096 partes
282 3026 462 3098 martyrum
482 3011 514 3074 in
535 3010 779 3075 reconciliandis
793 3011 901 3096 lapsis,
915 3015 1104 3102 caterisque

62 3095 290 3182 peccatoribus
312 3096 496 3160 revocandis
517 3095 559 3159 ad
581 3096 724 3159 eeclesiae
747 3118 860 3181 pacem
882 3099 1103 3165 communica·

62 3180 263 3266 nonamque,
277 3180 371 3266 plene
385 3180 561 3244 ostendunt
576 3178 778 3266 Cyprianicae
793 3183 949 3267 epistolae.
977 3184 1105 3283 Marty-

63 3286 117 3335 ras
128 3264 215 3328 enim
234 3265 422 3350 neutiquam
445 3286 503 3349 pro
520 3263 685 3351 judicibus
700 3265 733 3327 in
749 3265 980 3350 hujuscemodi,
989 3289 1105 3348 causis,

64 3348 125 3415 sed
144 3370 204 3435 pro
226 3348 488 3414 intercessoribus
507 3361 633 3412 tantum
654 3363 687 3412 et
703 3351 979 3434 suffragatoribus,
993 3373 1106 3438 gerere

65 3434 299 3519 seoportebat,
311 3446 349 3497 ut
361 3434 407 3497 ibi
420 3455 461 3496 ex
470 3432 544 3520 jure
559 3446 592 3496 et
607 3433 837 3498 consuetudine
852 3436 1017 3520 probatur.

77 3559 83 3565 ·
106 3517 146 3583 P.
160 3531 229 3596 294.
248 3518 271 3581 l.
288 3534 314 3581 l.
336 3521 385 3581 ὑπὲ
418 3524 473 3580 τῶν
492 3517 662 3598 roagium
681 3517 779 3602 silero]
793 3521 848 3582 'orl
878 3527 932 3583 τῶν
947 3519 1106 3608 ὑὲριζόοτοοο

65 3601 169 3668 suom
186 3601 361 3691 christoph.
441 3612 480 3666 tt.
503 3603 673 3667 Sraora.
704 3605 777 3668 Nec
790 3546 901 3668 maie.
920 3607 1108 3676 Non‘vertit

66 3689 255 3839 ffisltlme
294 3708 354 3775 res.
394 3680 498 3751 Addit
521 3699 630 3751 antem
655 3689 882 3773 salentemip
906 3693 1106 3778 edidissetis

139 3818 147 3835 .
196 3794 230 3834 or
277 3792 304 3834 c.

112 3855 198 3920 Ibid.
213 3769 278 3919 lfis.
299 3856 393 3938 τοῦτο]
409 3854 501 3918 rubra
518 3854 692 3940 Christopd.
709 3857 811 3920 lectt.
833 3871 866 3921 et
890 3859 963 3923 cod.
986 3861 1107 3926 Castel-

70 3939 174 4005 snas.
197 3940 368 4004 Ssnorsr.
413 3940 478 4004 Sed
497 3941 634 4004 fortasse
645 3940 794 4026 vin-opus
813 3953 873 4020 est,
888 3959 925 4008 ut
940 3944 1017 4030 quid
1031 3966 1106 4011 mu-

67 4037 169 4090 tetur.
214 4024 371 4088 Scribitur
388 4025 476 4109 τούτῳ
496 4025 530 4087 in
542 4024 621 4089 MS.
637 4024 778 4110 Norfolc.
794 4027 899 4106 male;
922 4030 955 4093 in
977 4029 1108 4093 eodem·

69 4130 136 4196 qne
149 4108 262 4175 codiee
275 4122 464 4195 corruptum
483 4131 579 4194 supra
594 4125 644 4174 est
654 4112 836 4196 ἄποοοιχθεὶς
851 4117 864 4174 ο
879 4118 932 4201 &lg
946 4114 979 4180 in
993 4117 1108 4179 ἀποποι-

69 4199 133 4278 ’μῑς
146 4199 161 4258 ὁ
173 4195 268 4280 W
281 4207 315 4259 et
330 4193 557 4275 enarmonium
571 4194 604 4261 in
618 4196 865 4278 mentonem.
942 4230 945 4236 ·
