2716 4748
514 285 566 352 IN
588 284 841 359 MAXIMUM.
1131 301 1195 368 455

180 454 239 520 ·P.
252 465 324 520 435.
346 453 370 520 l.
386 468 416 520 8.
445 454 569 545 ἕςχιθαφ
595 459 678 542 δοκῶ]
711 456 818 544 ἔχεθαγ
844 453 1001 520 Eusebius
1028 454 1061 518 in
1086 455 1193 539 Praep.

158 538 288 628 Euerg.
317 539 476 627 impressa,
501 542 590 629 quod
614 557 721 607 tamen
745 544 828 608 coni
854 541 928 607 end.
951 563 991 605 ex
1011 541 1113 606 altero
1134 562 1195 604 suo

159 626 237 691 MS.
253 641 286 691 et
299 625 422 715 ἴρχεθιη
441 630 670 715 reponendum,
685 629 805 694 notavit
852 629 973 715 igerus‚
989 625 1136 713 hancque
1150 626 1196 690 ait

157 711 331 778 lectionem
351 713 449 778 etiam
465 715 657 780 Montacutii
672 713 784 778 lilrum
799 725 1051 801 repraesentasse.
1094 712 1195 799 Quod

158 795 201 863 ed
215 819 325 862 vocem
337 799 406 863 δοκῶ
420 799 543 878 attinet,
555 801 587 864 in
599 823 638 865 ea
649 800 821 887 Dialogum
836 814 965 865 secutus
979 821 1062 862 sum.
1087 801 1133 862 Pr
1185 843 1193 862 .

156 882 246 948 enim
260 883 386 974 Eoong.
398 901 432 951 et
443 885 617 952 Plrilooala'a
633 887 751 952 habent
765 913 811 967 μοι
825 888 905 966 δοκῶ,
918 898 1111 972 praestatque
1121 813 1196 958 iti,-
1267 971 1270 975 ·

159 966 281 1034 titedius
300 974 347 1054 μοί
367 974 448 1049 δοκεῖ,
463 972 550 1058 quod
569 973 662 1036 nimis
684 974 750 1036 cito
790 986 841 1037 ost
862 971 1006 1058 sequitur
1019 970 1060 1036 ad
1074 971 1130 1035 lin.
1146 985 1192 1034 12.

158 1054 215 1120 ubi
228 1069 335 1120 tamen
351 1057 401 1120 νόει
416 1079 474 1142 pro
487 1082 534 1142 μοι
550 1060 623 1122 δοκεῖ
637 993 810 1129 Plilocalia
825 1056 964 1121 exhibet.

203 1140 287 1205 Ibid.
306 1141 328 1206 l.
346 1158 392 1206 10.
415 1147 446 1206 iu
461 1151 509 1207 τοῦ
525 1143 591 1221 ὅλην
605 1149 681 1229 αὐτῷ
699 1145 865 1228 montlitar]
885 1144 979 1220 αὐτὸν,
994 1142 1082 1228 quod
1096 1142 1195 1206 habet

157 1226 267 1312 Proep.
281 1227 407 1315 Euang.
422 1231 543 1294 mutavi
557 1230 590 1294 in
603 1234 679 1313 αὐτῷ
694 1253 732 1294 ex
748 1229 810 1293 fide
824 1240 1015 1293 coeterorum.
1046 1230 1097 1293 lta
1111 1228 1195 1293 infra

156 1308 257 1376 habes
272 1312 313 1377 ad
327 1327 442 1400 p.438.
460 1316 482 1380 l.
502 1330 546 1380 10.
568 1313 634 1393 ὅλην
656 1320 731 1401 αὐτῷ
752 1314 927 1402 wfaao'rrrierr.
967 1313 1131 1379 Caeterum
1154 1312 1194 1378 de

156 1398 276 1485 reipsa
286 1400 367 1464 bene
381 1400 595 1466 Tertullianus
612 1401 683 1466 adu.
697 1402 923 1486 Hermogenem
938 1422 1009 1486 cap.
1025 1416 1072 1464 10.
1094 1401 1194 1487 Ergo,

157 1481 274 1570 inquit,
301 1483 382 1566 (scil.
406 1488 643 1574 Hermogenes)
670 1511 710 1551 ex
734 1485 832 1551 nililo
846 1485 973 1572 faceret
1001 1486 1131 1569 (Deus),
1159 1494 1194 1549 ut

156 1567 245 1634 malo
271 1591 392 1658 quoque
416 1571 543 1637 arbitrio
569 1573 637 1658 ejus
664 1573 922 1658 imputarentur?
958 1571 1096 1658 Magna,
1118 1571 1197 1636 lona

144 1652 229 1742 fide,
254 1657 379 1722 coecitas
403 1657 616 1723 hereticorum
641 1673 698 1742 pro
721 1657 895 1743 hujusmodi
917 1657 1195 1745 argumentatione,

156 1760 227 1805 oum
241 1740 306 1806 ideo
323 1741 490 1808 autolium
508 1746 611 1808 Deum
632 1743 742 1808 bonum
761 1755 791 1808 et
815 1743 964 1829 optimum
979 1742 1085 1808 volunt
1101 1741 1196 1820 credi,

156 1825 233 1913 quia
245 1826 326 1892 mali
340 1840 478 1894 autorem
491 1830 670 1903 existiment
684 1841 863 1910 creatorem,
877 1839 932 1892 aut
947 1827 1111 1893 materiam
1126 1851 1196 1893 cum

157 1921 292 1977 creatore
303 1925 487 2001 proponunt,
502 1927 537 1980 ut
551 1914 670 1980 malum
683 1939 703 1982 a
716 1915 861 1994 materia,
874 1937 935 1978 non
952 1936 971 1978 a
993 1925 1128 1978 creatore
1141 1915 1195 1979 de·

156 1995 283 2078 ducant,
299 1999 421 2087 quaudo
443 2000 548 2065 nullus
568 2001 688 2065 omnino
706 2002 793 2066 Deus
816 2000 963 2065 liberetur
982 1999 1044 2064 ista
1065 2000 1196 2086 qaeesti-

155 2103 223 2161 om,
238 2095 273 2148 at
294 2108 355 2149 non
377 2098 466 2150 autor
487 2086 566 2151 mali
586 2086 685 2151 videm
728 2087 834 2151 roimle
851 2085 960 2171 possit,
978 2085 1120 2172 quisquis
1141 2084 1197 2150 ille

155 2179 215 2248 est,
231 2169 286 2257 qui
305 2170 424 2235 malum
444 2170 504 2236 etsi
524 2195 585 2236 non
606 2172 670 2256 ipse
681 2102 778 2258 jlctr,
801 2183 905 2236 tamen
925 2194 945 2234 a
967 2193 1148 2259 quocunque
1165 2181 1196 2236 et

154 2253 238 2319 aride
250 2270 361 2341 passus
374 2268 420 2321 est
423 2255 514 2341 fleri.

201 2340 385 2407 Ibid.t.12.
406 2368 454 2425 μοι
476 2343 564 2427 δοκεῖ]
592 2345 668 2408 Post
691 2342 762 2407 haec
780 2342 927 2407 additum
947 2355 996 2406 est
1016 2342 1103 2428 apud
1120 2341 1195 2405 Me·

156 2423 308 2508 rhodium,
320 2429 376 2494 sed
389 2449 428 2492 ex
442 2442 520 2493 nota
534 2427 713 2515 marginali,
727 2429 760 2493 ni
772 2428 877 2506 fallor,
893 2428 993 2492 textui
1008 2427 1195 2493 inductum:

149 2509 220 2576 'Ort
236 2518 259 2578 sl
272 2518 324 2588 τὰς
336 2513 490 2592 ποιότητας
503 2518 542 2598 μὴ
557 2513 640 2589 οὔσας
654 2511 862 2599 ἐδημιούργησεν
877 2519 889 2576 ὁ
904 2516 988 2592 Θεὸς,
1003 2514 1024 2600 ’i
1043 2517 1094 2588 τὰς
1114 2512 1196 2589 iriae

105 2616 107 2625 ’
156 2597 266 2680 ὁμοίως.
309 2600 501 2686 Spectentur
517 2600 679 2678 nimirum,
695 2622 767 2686 quae
784 2614 972 2686 sequuntur.

132 2718 135 2723 ·
201 2683 386 2750 lbid.l.14.
408 2690 456 2763 riu
475 2688 551 2750 τοῦδε
571 2691 620 2749 τοῦ
640 2685 745 2767 κόσμου
764 2682 886 2770 γένεσιν]
903 2684 953 2748 lta
966 2705 1005 2748 ex
1020 2682 1196 2748 Pltilocalla

156 2766 256 2834 edidi.
299 2769 364 2835 Sed
384 2771 459 2848 τήνδε
480 2777 528 2833 τοῦ
548 2798 576 2835 κ.
596 2797 629 2855 γ.
652 2773 760 2855 Proep.
776 2771 902 2856 Evaug.
924 2784 958 2835 et
978 2774 1025 2848 τὴν
1044 2776 1092 2833 τοῦ
1112 2797 1139 2832 κ.
1161 2794 1195 2852 γ.

155 2855 446 2956 Metlrodiusetque
462 2855 629 2943 Dialogus.
666 2857 777 2966 Habes
791 2870 901 2965 antem
916 2855 997 2920 infra
1010 2876 1140 2943 quoque
1154 2855 1196 2920 ad

155 2954 324 3092 pegbffi
331 2943 354 3090 111
356 2965 388 3104 ξ
405 2957 993 3112 loioriiigioiiisrriiriiieaiwiiiiiin'rcep.
1008 3027 1135 3114 Evang.
1152 3025 1194 3090 ad

118 3142 122 3146 ·
156 3134 254 3200 quarn
270 3125 377 3178 tamen
391 3114 531 3199 Vigerus
550 3135 590 3177 ex
609 3111 706 3178 altero
766 3112 799 3176 S.
814 3117 931 3190 ποιητὴς
947 3135 1005 3199 pro
1018 3112 1134 3190 ποιότης
1147 3112 1194 3176 le·

155 3199 299 3286 gendum
315 3200 452 3264 monuit.

202 3285 238 3349 P.
248 3291 319 3349 436.
334 3285 356 3350 l.
371 3302 401 3350 2.
423 3288 497 3349 δοκεῖ
515 3284 744 3371 σοι-γεγονένω
755 3308 765 3364 3
787 3285 882 3369 lausi]
909 3285 959 3348 Ita
978 3283 1086 3348 locum
1109 3282 1196 3346 ordi-

158 3387 236 3436 nant
249 3370 431 3435 Metlorlius
446 3369 687 3457 Dialogusque3
709 3370 807 3457 idque
825 3371 940 3434 melius
954 3391 1052 3456 quam
1066 3367 1114 3432 vel
1128 3369 1195 3432 Eu-

158 3456 264 3521 sebius
279 3458 336 3544 qui
357 3458 389 3521 in
404 3459 512 3542 Proep.
529 3439 655 3543 Evang.
676 3456 773 3520 habet
795 3459 879 3530 δοκεῖς
898 3452 1131 3540 μοι-γεγονέναι
1150 3456 1195 3517 δο-

157 3545 225 3620 κεῖν,
241 3543 290 3607 vel
302 3542 491 3621 *Plilocalia
505 3543 561 3607 ubi
576 3554 675 3619 extat,
689 3544 736 3604 uei
751 3541 955 3626 σοὶ-γίνεθαᾳ
970 3543 1052 3604 δοκεῖ.

202 3628 286 3692 lbid.
303 3629 326 3692 l.
341 3644 371 3693 5.
392 3630 462 3708 μήτε
482 3629 525 3714 ἐξ]
546 3630 597 3692 Ita
611 3627 792 3692 Metlodius
807 3643 841 3692 et
856 3625 1012 3715 Dialogus
1027 3648 1086 3712 pro
1100 3629 1138 3708 μὴ
1153 3628 1196 3706 ἐξ,

181 3713 247 3779 uod
261 3716 369 3798 Praep.
385 3715 512 3803 Evang.
529 3728 562 3779 et
576 3712 732 3778 Plrilocol.
768 3715 851 3778 Mox
870 3711 993 3776 addunt
1007 3711 1105 3775 iidem
1122 3713 1196 3776 Me-

157 3809 171 3862 l
210 3797 243 3863 tl.
259 3813 292 3865 et
306 3797 396 3864 Dial.
410 3801 541 3864 verbum
557 3800 612 3863 ὑπᾶ
627 3825 714 3886 χουσι
753 3814 805 3864 ost
818 3798 873 3863 illa
886 3798 955 3880 μήτε
971 3800 1002 3860 ἐκ
1015 3805 1069 3860 τῶν
1086 3798 1181 3860 later.

203 3884 288 3949 Ibid.
302 3885 324 3950 l.
334 3903 363 3963 9.
386 3886 515 3949 ἀδύνατον
530 3885 595 3961 eiras
609 3822 830 3969 infrigeriHoc
843 3884 909 3949 sine
921 3882 1032 3948 addito
1044 3880 1196 3947 Philocol.

157 3968 325 4058 Dialogus,
338 3971 534 4058 scriptasque
549 3969 703 4034 Eusebius
717 3973 750 4034 in
765 3969 851 4034 coll.
867 3970 900 4033 S.
913 3969 1007 4034 loan.
1022 3981 1055 4032 et
1070 3965 1196 4032 Metlo-

156 4054 239 4133 dius,
254 4055 314 4120 nisi
330 4056 418 4142 quod
433 4058 474 4121 ab
488 4057 552 4120 hoe
566 4070 697 4120 auctore
711 4057 843 4120 verbum
862 4053 947 4119 abest
967 4053 1042 4132 strar.
1080 4053 1145 4116 Sed
1164 4055 1196 4118 in

158 4142 266 4226 Prc'ep.
282 4141 408 4229 Evang.
422 4142 505 4206 edita
524 4141 730 4228 praemittitur
749 4141 846 4220 istud,
865 4137 1068 4224 συλλελόγιςω
1089 4139 1124 4212 ὥς
1146 4141 1210 4216 rix„

157 4226 213 4293 ubi
231 4239 321 4294 notat
338 4227 409 4294 haec
424 4228 562 4316 Vigerus
578 4252 586 4292 r
610 4234 632 4266 “
647 4224 809 4313 Corrupta
822 4227 884 4292 ista
898 4237 983 4304 sunt,
999 4246 1058 4290 neo
1071 4223 1198 4290 saniora

639 4333 663 4378 e
675 4325 731 4399 gr
