2716 4748
535 702 1015 819 s.'AR15T1DEs

388 965 744 1034 ATHENIENSIS
779 962 1156 1044 PHILOSOPHUS,

446 1175 642 1236 QUADRATI
661 1177 899 1232 APOmGISTAE
916 1173 1093 1237 AEQUALIS.

595 1431 948 1470 w

745 1668 794 1722 EX

281 1784 472 1840 APOLOGIA
489 1788 675 1843 ARISTIDIS
693 1788 766 1841 PRO
784 1785 996 1841 RELIGIONE
1014 1780 1260 1840 CHRISTIANA.
1297 1784 1316 1841 5

253 1911 494 2027 USUARDUS
514 1970 570 2026 hoo
590 1969 687 2047 posuit
707 1969 737 2024 in
758 1969 905 2042 Martyrol.
924 1967 959 2024 ad
977 1984 1003 2024 v.
1016 1964 1117 2022 Nonas
1134 1963 1286 2022 Octobris.

253 2071 366 2131 Natalis
393 2076 477 2132 Beati
503 2075 636 2154 Dionysii
664 2077 857 2154 Areopagitae,
885 2070 940 2158 qui
968 2082 1043 2158 post
1072 2068 1284 2134 clarissimam

252 2180 485 2246 confessionem
508 2182 591 2261 fidei,
604 2194 680 2269 post
696 2181 883 2268 gravissima
899 2190 1134 2246 tormentorum
1151 2196 1285 2266 genera,

250 2286 394 2372 glorioso
407 2291 561 2377 martyrio
575 2303 746 2356 coronatus
761 2303 820 2368 est,
832 2301 864 2349 ut
876 2300 999 2349 testatur
1008 2291 1159 2358 Aristides
1170 2290 1226 2347 fide
1238 2290 1297 2365 vir·

251 2401 446 2478 sapientiaque
460 2402 607 2469 mirabilis,
622 2404 652 2458 in
666 2421 701 2459 eo
715 2420 811 2479 opere,
826 2400 902 2476 quod
916 2400 950 2456 de
963 2397 1128 2455 Christiana
1140 2395 1282 2474 religione
1293 2405 1327 2454 10

251 2507 420 2582 composuit.
441 2507 497 2564 Fol.
511 2512 569 2564 166.
581 2511 622 2563 ed.
635 2511 734 2564 Lovan.
749 2514 824 2563 1576.

536 2734 538 2738 .
588 2724 942 2764 ---·---

291 2910 342 2979 De
356 2905 460 2977 eodem
473 2912 630 3002 Apologia
644 2914 691 2977 ito
706 2914 739 2978 S.
755 2913 974 2998 Hieronymo,
989 2902 1022 2975 in
1035 2904 1239 3008 Epistolaffad-

609 3026 770 3107 Magnum
785 3019 911 3104 scripta.

292 3173 461 3228 Anni-mss
482 3168 679 3247 philosophus,
701 3170 743 3225 vir
764 3164 1021 3245 eloquentissimus,
1041 3166 1131 3226 eidem
1152 3164 1276 3248 principi

250 3277 425 3354 (Hadriano)
452 3277 672 3355 Apologeticum
694 3296 747 3354 pro
772 3277 940 3334 Christianis
965 3276 1080 3344 obtulit,
1105 3285 1299 3341 contextum}
1352 3295 1358 3297 ·

247 3383 480 3462 philosophorum
496 3383 654 3449 sententiis,
666 3398 750 3456 quem
763 3381 889 3438 imitatus
902 3391 1003 3460 postea
1016 3382 1157 3449 Justinus,
1169 3391 1200 3438 et
1212 3381 1274 3459 ipse

248 3486 442 3570 philosophus.
463 3491 494 3544 P.
504 3495 563 3544 332.
576 3499 639 3543 tom.
650 3489 676 3542 ii.
689 3488 737 3560 Op.
748 3489 773 3543 S.
786 3489 893 3544 Hieron.
905 3490 946 3542 ed.
957 3489 1068 3543 Froben.
