2716 4748
263 306 324 356 210
596 290 954 359 ANNOTATIONES

262 469 434 523 mentorum
445 459 606 547 generibus
616 477 674 547 per
688 462 752 527 dies
763 462 915 560 plurimos
929 461 1198 541 excruciatorum
1214 461 1297 549 qttod

264 543 457 610 Christianus
472 556 559 625 esset,
574 548 885 635 admirationtfut'sse
900 560 966 611 tunt
980 548 1097 629 Judici,
1112 547 1293 613 1111111111-

263 627 370 719 litibus
385 653 421 696 uc
434 630 601 696 ministris.-
618 633 741 697 tandem
764 657 802 698 ue
815 634 917 698 eodem
931 630 1076 719 supplicii
1085 656 1201 722 genere
1212 634 1295 720 quod

261 716 414 782 Dominus
434 716 577 802 pertulit,
601 718 696 782 vitant
723 657 876 784 circuisse.
921 719 982 784 Sed
1004 718 1104 783 satius
1127 730 1174 783 est
1201 719 1294 784 cerlo

262 800 358 887 ipsius
371 802 610 888 scr·t'ptoris'luee
623 804 781 869 narrantis
795 804 911 869 audire.
955 806 1016 868 EX
1031 827 1142 869 eorum
1158 804 1223 870 &a

305 889 339 952 P.
357 889 459 968 191.1.
477 903 521 951 12.
546 889 642 956 dulcedi
662 901 710 950 τῶν
730 891 874 975 αἷςιτνκῶν]
898 893 980 956 Haec
1001 889 1133 955 Eusebll
1153 912 1225 955 esse
1246 890 1292 954 Vl·

260 973 377 1038 dentur
400 975 503 1038 verba.
547 972 662 1060 ltaque
688 975 779 1039 vertit
804 975 949 1056 Rufinus,
970 977 1030 1041 Ait
1054 998 1138 1063 ergo,
1162 998 1233 1040 curn
1255 976 1293 1040 de

259 1057 413 1123 laerelicis
426 1059 549 1136 diceret,
566 1061 613 1122 Ex
628 1058 677 1122 his
692 1059 793 1146 igitur
809 1061 869 1125 &a

301 1145 384 1209 lbid.
401 1144 423 1208 l.
440 1160 484 1209 13.
506 1145 662 1228 Συμεῶνος]
681 1146 718 1209 In
733 1145 845 1210 codice
860 1143 962 1233 Regio
977 1145 1095 1233 legitur
1105 1145 1146 1213 Σί
1192 1172 1244 1224 νος,
1255 1161 1291 1213 ut

258 1232 380 1295 notavit
393 1231 489 1296 etiam
506 1231 587 1295 Rob.
602 1230 794 1316 Stephanus.
831 1231 1050 1320 Hieronymus
1064 1233 1096 1296 in
1113 1233 1142 1295 C
1168 1233 1292 1310 ronico,

257 1314 354 1403 hujus
384 1316 534 1402 Episcopi
563 1315 851 1405 Hierosolymitani
887 1340 1006 1382 nomen
1034 1317 1157 1404 duplici
1192 1318 1291 1383 modo

256 1402 352 1477 scribi
377 1415 523 1480 testatur,
550 1403 744 1489 Symeonem
771 1403 892 1468 scilicet
912 1417 947 1467 et
968 1403 1144 1467 Simonem.
1201 1402 1289 1467 Idem

254 1487 354 1638 zebet
368 1489 530 1575 Georgius
545 1486 724 1575 syncellus,
736 1502 770 1553 et
783 1502 896 1552 auctor
909 1488 1062 1553 Chronici
1071 1485 1292 1552 Alexandrini.

289 1595 468 1639 scamus.

299 1661 382 1723 lbid.
405 1661 439 1732 ὠς
467 1658 539 1733 ὄντος
563 1657 616 1719 ἀπὸ
641 1653 745 1739 aaut]
775 1655 835 1719 Pro
859 1669 909 1720 ter
932 1652 1065 1721 eandem
1091 1678 1236 1737 causam,
1259 1670 1293 1723 et

255 1743 413 1808 hereticis
436 1765 564 1829 quoque
585 1739 819 1820 accusantibus,
833 1677 926 1806 ludae
945 1741 1082 1827 apostoli
1100 1757 1236 1829 nepotes
1250 1742 1292 1809 ad

254 1828 482 1892 Domitianum
501 1827 580 1892 olim
601 1825 746 1891 accersiti
765 1827 901 1891 fuerant.
928 1826 1005 1892 Vid.
1018 1849 1096 1915 pag.
1116 1835 1184 1907 196.
1212 1827 1294 1904 ὄντος

254 1932 315 2000 pro
329 1912 402 1988 ὄντος
416 1913 493 1978 MS.
510 1911 602 1977 Bodl.
1103 1918 1105 1923 ’

300 1998 383 2064 Ibid.
399 1998 484 2063 1.15.
508 2000 555 2062 καὶ
576 2003 709 2061 ὑπατικοῦ
727 2001 866 2084 Ἀτ1νκοῦ]
886 1999 926 2063 ld
939 2014 989 2064 est
1003 2021 1077 2064 cum
1093 1998 1226 2066 Atticus
1240 2023 1293 2066 es-

256 2096 305 2149 set
316 2086 461 2171 Legatus
477 2084 590 2172 Syriae.
626 2083 781 2148 Solebam
793 2085 878 2148 enim
894 2085 967 2172 Syri
982 2085 1097 2149 horum
1114 2085 1293 2151 Praeoidum

256 2170 387 2234 nomine
401 2192 502 2235 annos
521 2169 699 2257 designare,
713 2185 750 2233 ut
764 2183 890 2243 constat
905 2193 944 2235 ex
958 2169 1094 2257 Josephi
1114 2172 1291 2259 antiquita·

255 2256 353 2321 tibus.
398 2256 463 2320 Sed
488 2269 522 2320 et
545 2256 578 2320 in
600 2254 730 2342 reliquis
753 2254 933 2342 provinciis,
958 2258 1133 2322 Rectorum
1160 2257 1294 2323 nomine

255 2355 403 2428 tempora
422 2341 582 2490 designari
599 2353 838 2406 consueverant.
883 2343 982 2405 Porro
996 2363 1035 2405 ex
1048 2342 1165 2429 legatis
1181 2342 1293 2407 Caesa·

255 2428 297 2494 ris
311 2429 365 2492 alii
379 2442 469 2493 erant
515 2427 696 2506 onsulares5
719 2426 773 2490 alii
789 2428 940 2491 Praetorii.
983 2429 1145 2514 Quocirca
1158 2429 1294 2493 Atticus

255 2514 307 2578 hic
326 2515 456 2588 ὑπατικὸς
476 2513 665 2600 appellatur,
681 2524 719 2575 ut
732 2534 806 2576 eum
822 2513 1023 2580 consularem
1038 2513 1135 2578 fluisse
1151 2527 1291 2578 constet.

254 2601 304 2664 Ex
317 2600 367 2664 his
380 2612 513 2686 apparet
527 2598 611 2663 male
626 2598 776 2661 Rufinum
791 2599 940 2663 vertisse:
956 2599 1088 2684 Mortyr
1102 2597 1232 2683 effeet'rm
1246 2611 1292 2662 est

255 2708 324 2749 eum
344 2697 421 2749 esset
442 2707 591 2748 annorum
611 2694 732 2747 eentum
749 2705 812 2746 xx.
833 2683 887 2747 sul
904 2684 1040 2769 Trojano
1056 2685 1190 2763 Caesare,
1207 2685 1293 2770 opud

254 2769 397 2834 Atticum
410 2769 611 2833 consularem.
643 2770 759 2832 Graeca
774 2769 954 2855 Hegesippi
970 2771 1013 2833 sic
1028 2769 1159 2848 habent,
1174 2771 1243 2834 ἑτῶν
1256 2768 1294 2833 do

255 2857 353 2919 ἑκατὸν
367 2854 452 2918 εἴκοσι
467 2856 510 2917 ἐπὶ
523 2860 661 2940 Τραϊανοῦ
676 2853 766 2917 καίτοι
782 2879 820 2933 ος,
833 2856 881 2917 καὶ
897 2861 1029 2918 ὑπατικοῦ
1047 2858 1181 2918 Ἀτ1νκοῦ.
1228 2854 1294 2919 Sed

255 2941 361 3027 primo
384 2939 514 3026 quidem
539 2938 725 3025 praepositio
750 2881 805 3002 illa
830 2941 885 3018 inl,
911 2961 973 3003 non
999 2940 1158 3026 significat
1181 2941 1292 3024 opud.-

255 3048 364 3089 verum
386 3025 420 3090 id
444 3038 571 3090 tantum
586 3023 743 3108 designat,
758 3025 954 3112 Symeonem
969 3026 1123 3112 martyrio
1137 3025 1294 3110 perfunc-

255 3123 325 3178 tum
340 3112 440 3176 fuisse
455 3110 635 3197 principatu
650 3109 789 3196 Traiani,
798 3110 911 3175 Attico
927 3111 1052 3259 Sgriam
1067 3109 1294 3175 administran-

241 3211 298 3262 te.
321 3197 435 3261 deinde
457 3219 517 3260 vox
540 3196 594 3260 illa
615 3201 758 3274 ὑπατικοῦ,
781 3218 845 3259 non
868 3195 1054 3280 simpiciter
1078 3194 1293 3260 Consularem

255 3283 397 3361 denotat,
409 3281 464 3346 sed
478 3285 636 3368 Legatum
656 3281 877 3359 Consularem,
889 3294 926 3346 ut
941 3280 1015 3344 dixi.
1043 3282 1143 3345 Erant
1158 3281 1294 3366 quidem

255 3381 351 3433 aetate
370 3368 474 3432 Rufini
498 3367 690 3431 Consulares
713 3366 769 3453 qui
790 3366 990 3430 Palaestinam
1011 3366 1179 3451 regebant,
1193 3381 1232 3432 ut
1253 3389 1294 3430 ex

255 3453 382 3539 imperii
396 3453 533 3517 Romani
548 3452 662 3516 notitia
676 3452 879 3516 notissimum
894 3466 953 3516 est.
999 3454 1117 3518 Verum
1140 3451 1193 3516 hic
1217 3453 1297 3515 Ma-

255 3539 409 3625 gistratus
425 3537 481 3602 diu
495 3553 569 3638 post
588 3537 716 3622 Trajani
736 3550 882 3623 tempora
902 3551 950 3601 est
970 3537 1146 3601 institutus.
1191 3536 1294 3602 Cete-

254 3646 327 3690 rum
354 3645 449 3709 supra
475 3636 590 3687 citatus
620 3622 728 3687 Rufini
754 3620 846 3686 locus
875 3622 907 3685 in
935 3622 1153 3708 manuscripto
1177 3623 1299 3687 codice

254 3709 461 3778 bibliothecae
484 3709 593 3794 Regiae
614 3708 660 3772 ita
681 3706 899 3792 perscribitur.
940 3709 1073 3793 Mortyr
1095 3704 1225 3791 effectm
1246 3719 1295 3772 est

255 3806 421 3861 comesset
445 3816 593 3858 annorum
615 3804 736 3857 centurn
758 3812 849 3857 xxv.
879 3795 1086 3858 Vacemus.
1140 3792 1295 3857 Utrosvis

256 3901 406 3945 numeros
421 3878 516 3966 elige,
531 3893 605 3942 ante
622 3878 789 3943 Christum
805 3890 897 3942 natus
912 3899 961 3942 est
976 3879 1009 3942 S.
1026 3879 1179 3977 Symeon.

300 3966 333 4029 P.
349 3980 416 4044 192.
432 3965 454 4028 1.
465 3983 496 4043 9.
515 3962 687 4050 Διαδέχεταν
702 3965 728 4026 δὲ
745 3963 918 4048 811.],Ηοοο
932 3961 1294 4050 Hegestppianalecto·

255 4051 342 4117 ribus
357 4050 422 4115 suis
436 4051 482 4114 ita
499 4049 704 4114 commendat
723 4049 903 4128 Eusebius,
924 4052 979 4115 Τὸν
993 4051 1019 4113 δὲ
1033 4055 1080 4126 τῆς
1094 4055 1142 4111 τοῦ
1154 4046 1297 4115 ’lateam

254 4142 382 4214 τελευτῆς
400 4135 507 4223 τρόπον,
521 4135 566 4213 ἤδη
586 4136 636 4216 μὲν
652 4135 788 4237 ιτςότεςον
802 4140 832 4198 ul
845 4160 895 4200 ττο
911 4139 1053 4208 meltinas
1066 4141 1114 4197 τοῦ
1129 4132 1297 4215 Κλήμεντος

254 4222 339 4306 noval
365 4226 449 4320 (cap.
471 4222 624 4290 maritum
643 4242 750 4308 primo
772 4219 870 4309 huju
890 4162 965 4291 libri
986 4218 1074 4291 Hist.
1097 4217 1212 4285 Eusel.
1236 4218 1298 4308 ubi
