2716 4748
148 868 158 877 ..
369 681 945 877 saucomarias

147 936 232 1066 'tu
257 979 421 1065 uersu
446 982 712 1065 urrunnu.
738 981 811 1063 ur
837 938 1177 1074 insonnem}

530 1271 796 1314 *—

193 1490 229 1557 Ρ.
240 1494 312 1569 267.
326 1489 351 1557 l.
362 1496 394 1557 6.
415 1495 455 1555 ot
473 1495 500 1556 ἐν
520 1490 613 1578 Βιέννῃ
629 1490 702 1575 bro]
725 1489 871 1559 Celebris
892 1489 965 1557 haec
984 1489 1120 1577 epistola
1138 1489 1182 1557 ab

148 1566 351 1657 OEcumenio
363 1576 397 1643 in
414 1579 583 1644 Commeat.
594 1598 654 1643 suo
667 1576 700 1641 in
712 1577 775 1661 Ep.
785 1576 883 1661 prior.
896 1577 941 1641 D.
953 1575 1042 1642 Petri
1054 1597 1124 1677 cap.
1134 1576 1182 1641 iii.

148 1683 186 1749 p.
190 1674 265 1742 149.
276 1662 329 1741 ed.
340 1664 462 1728 Veron.
477 1664 510 1727 S.
524 1665 646 1737 Ire'naeo
658 1663 732 1727 satis
747 1675 856 1747 aperte
869 1661 1031 1729 tribuitur.
1058 1663 1182 1749 Artqua

149 1769 187 1833 se
200 1746 346 1817 arbitrari
362 1749 449 1815 Hen.
463 1749 622 1829 Valesius,
637 1746 706 1834 ejus
720 1761 884 1813 auctorem
897 1746 997 1813 fuisse
1011 1749 1182 1827 irenaeum,

149 1853 194 1897 eo
216 1844 360 1922 tempore
385 1833 612 1920 Lugdunensis
633 1832 776 1903 ecclesie
798 1833 993 1901 membrum.
1037 1832 1126 1935 Quin
1149 1846 1184 1901 at

149 1917 282 2001 Valetio
301 1918 401 1985 babes
422 1919 483 1985 hac
504 1919 546 1987 de
567 1942 601 1985 re
621 1919 874 1991 consentientem
897 1917 1032 1985 Canium
1049 1942 1083 1985 tn
1100 1919 1134 1984 V
1131 1919 1185 1984 itt.

150 2005 221 2073 PP.
235 2003 379 2091 Apostoi.
401 2004 609 2079 Dodwellum
632 2003 766 2071 Dissert.
783 2003 825 2071 ri.
844 2003 877 2069 in
895 2005 1065 2085 aretinum,
1083 2007 1114 2090 ᾗ.
1132 2020 1184 2073 23³

150 2088 311 2175 Mouet.
329 2089 465 2157 Dissent.
486 2090 519 2155 in
539 2093 693 2156 Irenoenrn
707 2091 742 2155 ii.
757 2090 831 2157 Art.
842 2105 873 2155 3.
890 2103 924 2155 et
940 2091 1028 2171 alibi,
1044 2093 1186 2179 Basnags

149 2174 272 2251 Annei.
286 2176 348 2241 vol.
359 2175 393 2243 ii.
407 2198 439 2262 p.
454 2182 520 2241 168.
536 2177 719 2263 multosque
733 2174 813 2243 alios
826 2176 972 2253 fortasse,
987 2200 1061 2243 nam
1074 2179 1188 2243 asserit

153 2260 273 2345 Catius
287 2261 376 2337 Hist.
390 2261 460 2327 Lit.
474 2261 537 2327 vol.
550 2263 578 2325 1.
593 2261 626 2326 in
640 2264 770 2339 trenno,
783 2260 869 2329 idem
887 2262 1005 2327 sentire
1019 2261 1060 2327 de
1075 2263 1136 2327 bac
1150 2283 1185 2330 ra

152 2369 266 2419 omnes
278 2368 360 2434 pene
371 2347 526 2413 eruditos.
570 2347 656 2412 Cum
671 2369 746 2413 vero
758 2346 904 2432 epistolae
918 2347 1025 2434 hujus,
1039 2371 1112 2447 quae
1125 2370 1185 2413 nos

151 2432 241 2503 minc
261 2432 404 2499 eeclesiae
423 2433 613 2499 Viennensis
632 2446 667 2498 et
685 2435 715 2498 L
761 2431 910 2499 dunensis
930 2445 1186 2533 conscnptaest,

151 2530 318 2591 auctorem
341 2520 500 2585 Irenaeum
520 2541 602 2598 esse,
616 2453 892 2606 nequeuiglusebius
905 2539 1009 2605 neque
1023 2521 1186 2606 Hieronys

151 2626 230 2765 ἓξ
240 2604 452 2706 affirmaverit,
461 2605 596 2671 eandem
609 2604 746 2692 scriptis,
758 2626 831 2691 quae
845 2625 908 2691 ego
923 2604 1056 2691 colligo,
1067 2604 1191 2695 addens

243 2711 363 2755 censui·
493 2720 497 2727 '
1179 2736 1185 2758 ;

157 2852 162 2859 .
196 2764 401 2863 singularem
420 2760 491 2864 ejus
504 2775 719 2863 praestantiam
735 2798 800 2840 uno
814 2797 870 2841 ore
884 2787 1041 2843 testantur
1053 2797 1187 2854 omnest

154 2860 227 2944 abis
239 2875 347 2937 autern
361 2861 434 2926 viris
449 2863 584 2949 magnis,
595 2876 633 2927 ut
646 2861 732 2925 verbi
747 2882 843 2927 eausa
853 2863 874 2926 J
876 2861 998 2947 osepbo
1012 2862 1096 2927 Scali
1139 2884 1188 2940 ro,

173 2947 385 3027 ‚intermissis
404 2971 503 3013 unum
529 2948 608 3012 sisto
632 2946 809 3025 Valesium,
834 2947 891 3034 qui
916 2947 949 3011 in
979 2947 1092 3034 Episto
1146 2948 1189 3013 ad

187 3030 291 3099 lerum
306 3032 510 3098 Gallicanum
531 3032 619 3099 Hist.
633 3032 763 3097 Eusebii
805 3033 945 3099 raemissa
965 3033 1035 3099 haec
1058 3034 1189 3112 scribit3

153 3117 372 3205 &Epistulam
387 3118 618 3185 Viennensium
640 3139 678 3181 ac
699 3055 965 3203 Lugdunensium
988 3119 1096 3184 statim
1110 3140 1189 3204 pro·

154 3207 180 3243 “
190 3204 341 3283 feremus,
386 3203 462 3267 uod
478 3203 728 3289 pulcherrimum
750 3215 799 3267 est
822 3217 919 3290 atque
940 3203 1189 3269 vetustissimum

154 3292 181 3329 “
194 3287 294 3357 totius
309 3226 452 3353 ecciesiae
466 3289 499 3353 in
515 3289 578 3353 hoc
593 3310 710 3374 genere
724 3303 980 3359 monumentum.
1023 3290 1076 3353 De
1097 3288 1191 3376 cujus

155 3376 181 3431 .“
194 3370 344 3451 laudibus
366 3396 440 3439 cum
462 3375 566 3441 multa
581 3374 651 3460 jam
671 3374 838 3439 dictasint
858 3396 878 3438 a
897 3375 1018 3454 multis,
1032 3397 1127 3441 nemo
1143 3390 1193 3441 ta*

155 3464 181 3535 ξ’
195 3478 273 3523 men
293 3482 354 3549 pro
378 3459 464 3524 iliius
490 3460 648 3559 dignitate
669 3458 823 3523 hactenus
845 3473 895 3525 est
914 3460 1053 3525 locutus.
1096 3460 1192 3526 Adeo

155 3548 182 3585 “
194 3543 432 3632 ejusepistolae
454 3561 604 3610 mentum
627 3567 665 3609 nc
685 3544 814 3631 pondus
834 3567 965 3611 ornnem
984 3545 1112 3613 dicendi
1128 3548 1192 3613 vim

156 3635 183 3671 ‘⁸
196 3644 336 3716 superat.
379 3632 492 3718 Atque
513 3631 548 3696 id
568 3631 753 3695 fatebuntur
775 3630 959 3718 quicunque
981 3652 1052 3699 eam
1075 3633 1192 3719 saepius

157 3706 183 3756 ξ’
196 3714 345 3803 legerint.
374 3719 450 3805 Quo
465 3716 536 3802 plus
552 3718 637 3781 enim
651 3716 781 3802 iegitur,
794 3738 834 3781 eo
849 3738 974 3803 semper
986 3716 1111 3783 videtur
1123 3741 1193 3783 esse
1308 3790 1310 3795 ,

157 3806 184 3875 ·.“
197 3801 432 3889 praestantior.”
462 3804 545 3866 Haec
558 3802 717 3866 Valesius.
755 3803 938 3867 Memorato
950 3816 999 3867 est
1012 3803 1147 3890 epistola
1159 3805 1194 3868 in

158 3887 311 3955 Passieno
322 3887 380 3955 SS.
393 3886 544 3972 Epipodii
557 3899 586 3951 et
599 3886 775 3951 Alexandri
790 3887 840 3952 his
854 3889 966 3953 verbis.
992 3891 1067 3955 Post
1082 3890 1194 3955 vastis·

159 3971 274 4051 simam
288 3984 463 4060 martyr-nm
478 3984 614 4062 stragem
635 3983 664 4036 et
682 3970 877 4037 saevientium
893 3973 1072 4058 pastionum
1087 3976 1194 4039 enada

162 4055 298 4139 litoteta,
317 4059 355 4123 de
377 4081 439 4146 qna
461 4058 557 4123 etiarn
581 4057 697 4123 Christi
707 4056 833 4144 famati
855 4082 928 4145 qnos
950 4069 1024 4125 tnnc
1044 4055 1193 4123 tttrtsnn-

161 4142 255 4213 sirnae
279 4144 366 4209 arbes
392 4144 514 4211 Vienna
541 4154 572 4209 et
596 4143 786 4240 Lugdunum
812 4143 965 4224 tenebant,
987 4144 1029 4207 od
1054 4144 1195 4209 ecclesias

159 4229 298 4310 asten
311 4229 466 4318 Pbrygiae
478 4229 598 4315 scripta
614 4239 777 4323 nescirent,
791 4246 868 4309 ntra·
876 4246 970 4316 paene
983 4229 1025 4298 ad
1040 4231 1195 4320 integratus
