2716 4748
150 322 219 392 414
328 362 333 371 .
487 246 846 375 ANNOTATIONES

153 475 335 543 faciendum
358 488 470 565 putare
491 502 526 544 se
550 479 651 566 Epist.
667 503 737 545 xxv.
758 502 791 544 n.
807 492 837 545 8.
859 474 1088 564 respondisset
1114 474 1190 565 qaia

153 585 209 630 nec
224 563 315 651 longe
325 566 480 650 portanda
494 576 564 630 sunt
579 576 780 631 nodamenta.
814 567 1023 653 Quapropter
1035 562 1102 627 hoc
1118 565 1186 649 qui-

153 647 229 715 dem
244 651 354 715 Irenaei
368 650 442 715 loco
455 652 648 738 postrema,
663 650 881 716 eacbnristium
895 649 1059 727 asismat,
1071 649 1190 715 subau-

152 732 306 801 diendum
320 736 489 802 arbitratur
503 738 724 816 Constantius,
738 759 806 801 cam
821 737 949 801 Romam
962 734 1140 799 veaisseatr
1158 746 1190 799 et

152 820 196 885 ad
211 821 282 886 illos
297 822 428 887 missam
445 823 560 887 eodem
582 823 681 888 modo
703 822 866 909 intelligit,
880 843 945 908 quo
966 819 1189 898 Innocentius,

153 905 187 971 in
208 906 295 972 dicta
316 908 451 994 epistola
471 909 512 973 ad
531 910 737 988 Decentium,
754 908 809 973 ubi
829 929 899 971 earn
920 905 961 970 ad
983 905 1188 992 presbyteros

153 992 359 1058 ecclesiarum
375 995 456 1058 iutra
466 995 577 1059 urbem
591 997 837 1060 constitutarum
853 992 905 1057 die
918 991 1100 1056 Dominico
1116 991 1188 1055 mit·

153 1087 222 1142 tere
244 1101 278 1143 se
300 1079 402 1144 solere
424 1080 603 1167 significat3
625 1091 660 1144 ut
682 1104 723 1159 sa,
745 1079 861 1166 inquit,
883 1101 903 1142 u
924 1088 1032 1142 nostra
1055 1097 1187 1141 commu·

152 1163 253 1242 aione,
269 1164 405 1230 maxime
418 1165 477 1230 illa
491 1167 551 1246 die,
565 1189 624 1232 noa
630 1167 773 1252 judicent
787 1174 953 1249 separatos.

197 1251 231 1313 P.
243 1264 312 1329 392.
327 1252 349 1315 l.
366 1264 411 1316 14.
433 1253 481 1316 nal
499 1261 547 1316 rori
567 1252 705 1337 μακαρίου
725 1251 913 1337 Πολυκάςπου
931 1248 1006 1332 &c.]
1029 1245 1187 1313 Batonius

152 1333 186 1399 in
200 1336 391 1416 Annalibus,
405 1338 491 1403 hunc
508 1338 675 1425 Polycarpi
689 1336 858 1401 adventum
873 1336 905 1400 in
920 1335 1034 1398 urbem
1052 1335 1185 1398 Romam

153 1420 250 1485 refert
264 1444 347 1487 auno
360 1438 389 1487 5.
406 1426 456 1488 Μ.
468 1424 592 1488 Aurelii
607 1423 773 1501 Antonini,
784 1421 965 1507 eodemque
979 1441 1065 1482 auno
1080 1416 1186 1505 ponti·

153 1506 284 1571 ficetum
299 1509 427 1573 Aniceti
442 1510 585 1574 orditur:
608 1509 694 1595 quod
711 1529 909 1594 nequaquam
926 1504 1096 1591 probabile
1110 1503 1186 1568 mihi

152 1592 288 1658 ridetur.
333 1596 408 1659 Hoc
421 1596 505 1659 enim
521 1617 616 1672 anno,
632 1595 826 1682 Polycarpus
847 1590 949 1679 major
966 1603 1034 1654 erat
1052 1604 1185 1675 octoge-

153 1679 254 1743 nario.
297 1681 451 1745 Mortuus
466 1681 585 1768 quippe
604 1692 652 1745 est
666 1702 750 1744 armo
761 1692 791 1754 7.
806 1679 856 1741 M.
868 1676 991 1741 Aurelii
1008 1677 1185 1761 Imperato-

151 1763 207 1841 τῖε,
223 1787 297 1829 cum
317 1782 441 1831 sextum
456 1781 489 1830 et
503 1766 739 1852 octogesimum
762 1765 869 1851 aetatis·
886 1784 1003 1826 annum
1021 1759 1095 1847 jam
1117 1780 1192 1823 erre·

151 1849 265 1936 gisset.
303 1853 353 1915 lta
368 1852 452 1915 enim
469 1853 616 1917 scribitur
630 1852 663 1915 in
676 1850 810 1937 epistola
824 1847 966 1913 ecclesiae
984 1844 1185 1933 Smyrnensis

152 1954 250 2020 quam
267 1957 360 2020 supra
375 1938 483 2002 retulit
501 1938 657 2001 Eusebius
672 1938 704 2000 in
720 1937 776 2000 lib.
788 1937 828 1999 iv.
850 1934 1015 2018 ὁγδοήκοντα
1033 1933 1084 1995 καὶ
1097 1931 1130 2008 ἓξ
1142 1930 1185 2009 ἔτη

153 2020 270 2083 δουλεύω
294 2026 380 2107 αὐτῷ.
417 2023 456 2086 ld
481 2036 541 2102 est,
565 2022 732 2109 Octoginta
756 2031 785 2085 at
810 2042 865 2084 sea
886 2040 981 2083 anuos
1002 2015 1055 2080 illi
1079 2015 1185 2080 servio.

153 2105 254 2193 Quod
269 2106 295 2169 si
310 2130 411 2171 annos
424 2108 497 2171 illos
510 2130 572 2173 non
585 2130 602 2171 a
615 2108 718 2193 primo
733 2105 839 2171 statim
853 2119 937 2182 ortu,
947 2103 1005 2167 sed
1018 2123 1039 2166 a
1052 2103 1188 2189 pueritia

154 2190 253 2255 ordiri
274 2190 376 2273 lubet,
391 2193 520 2280 qnando
542 2195 680 2279 primum
703 2193 848 2257 homines
870 2189 1052 2254 ratiocinari
1073 2187 1187 2273 incipi-

154 2292 232 2355 unt,
255 2295 406 2377 sequetur
427 2280 570 2358 omuino,
590 2278 800 2364 Polycarpum
823 2275 1004 2340 centenario
1029 2273 1187 2360 majorem

153 2376 210 2425 aut
225 2384 419 2447 proxrmum,
435 2387 452 2428 e
467 2365 541 2428 vivis
556 2365 681 2427 abiisse.
727 2365 835 2448 Atque
850 2362 894 2425 ita
909 2360 1003 2447 juxta
1016 2372 1187 2444 computa·

153 2448 274 2510 tionem
291 2451 417 2512 Baronii
433 2473 559 2512 necesse
574 2452 632 2513 erit
648 2449 763 2525 dicere,
777 2448 867 2511 illum
883 2447 1094 2530 nonagesimo
1111 2458 1188 2507 aeta·

152 2533 194 2596 tis
210 2556 293 2597 anuo
308 2536 428 2598 venisse
444 2538 591 2612 Romam,
606 2535 693 2621 quod
707 2536 853 2620 profecto
869 2553 1069 2618 nequaquam
1084 2530 1186 2594 credis

153 2618 218 2681 bile
233 2633 292 2683 est.
327 2621 503 2685 Eusebium
518 2644 592 2685 vero
606 2622 676 2684 haec
691 2619 832 2706 objectio
848 2618 1027 2681 nullatenus
1047 2616 1186 2680 involvit.

153 2704 283 2790 Quippe
301 2706 456 2770 Eusebius
471 2707 599 2771 Aniceti
620 2707 839 2792 pontificatum
862 2705 985 2767 orditur
1004 2703 1064 2766 sub
1079 2702 1187 2765 Anto·

155 2791 231 2852 nino
250 2792 316 2869 Pio,
330 2791 442 2855 decem
467 2794 531 2856 fere
553 2794 642 2855 annis
664 2807 738 2854 ante
759 2790 943 2854 Baronium.
990 2788 1134 2872 Idipsum
1156 2787 1187 2850 in

153 2871 293 2939 Baronio
321 2877 522 2961 reprehendit
549 2878 730 2941 Halloixius
755 2878 787 2939 iu
813 2875 1043 2940 Notationibus
1068 2872 1108 2935 ad
1133 2896 1187 2936 ca-

178 2972 214 3021 ut
239 2976 284 3024 10.
310 2963 380 3024 vitae
401 2964 439 3024 B.
463 2963 639 3049 Polycarpi,
668 2965 873 3026 Vnsssrus
918 2960 1008 3022 Male
1029 2960 1187 3022 Baronius

154 2981 393 3133 ilierorrymum
417 3049 628 3132 reprehendit,
654 3048 742 3133 quod
768 3049 980 3132 Polycarpum
1005 3045 1046 3108 ad
1068 3045 1187 3107 Anice-

154 3143 224 3193 tum
242 3133 297 3195 Pio
312 3133 487 3218 imperante
506 3136 640 3196 Romam
657 3134 777 3197 venisse
798 3132 968 3217 scripserit.
1012 3133 1098 3193 Nam
1124 3152 1188 3192 nou

153 3228 278 3281 tantum
294 3219 451 3282 Eusebius
466 3219 498 3281 in
514 3220 676 3283 Chronico
688 3218 720 3282 id
737 3220 768 3281 iu
781 3218 886 3281 literas
900 3217 1021 3293 retulit,
1036 3215 1091 3278 sed
1108 3227 1141 3278 et
1156 3215 1186 3278 iu

154 3301 300 3367 Historia
314 3306 369 3368 lib.
384 3305 422 3367 ir.
437 3326 507 3389 cap.
519 3319 567 3367 23.
585 3308 658 3386 (14.)
674 3307 767 3390 eique
778 3303 940 3366 adbaerent
955 3302 1186 3386 Hieronymus,

153 3389 319 3452 Marianus
335 3391 463 3467 Scotus,
480 3391 554 3453 Ado
572 3392 604 3453 irr
620 3390 793 3465 ChronieO,
809 3389 922 3452 Suidas
944 3388 976 3450 iu
1000 3387 1187 3472 Polycarpo‚

154 3472 282 3557 aliique,
304 3497 321 3536 a
341 3476 456 3572 quibus
478 3477 597 3560 primus
616 3475 764 3538 dissensit
779 3475 946 3549 BaroniuS,
962 3486 998 3535 ut
1012 3472 1187 3535 observavit

155 3558 336 3623 Halloixius
352 3584 383 3623 m
400 3565 432 3626 N
435 3561 629 3624 otatiouibus
644 3561 683 3623 ad
696 3561 805 3625 Vitam
819 3562 852 3622 S.
865 3557 1044 3645 Polycarpi,
1057 3579 1127 3641 cap.
1142 3572 1185 3619 10,

155 3644 235 3706 Ant.
252 3646 345 3732 Pagi,
371 3647 448 3709 Crit.
470 3646 589 3710 Ausul.
611 3647 672 3710 vol.
688 3649 714 3710 l.
736 3668 812 3730 pag.
832 3652 896 3708 160.
917 3666 936 3706 a
959 3645 1184 3707 Runoruuro

155 3728 281 3794 allatus,
314 3733 398 3796 Fasti
420 3733 518 3796 Siculi
540 3734 616 3815 (sive
639 3732 760 3794 Chron.
775 3732 882 3811 Alex.)
902 3730 1017 3793 docent
1037 3727 1186 3814 Polycar-

180 3837 233 3878 um
258 3817 393 3880 Romam
416 3819 534 3882 venisse
549 3819 608 3881 sub
623 3817 767 3881 Tertullo
782 3829 814 3878 et
831 3815 1012 3892 Sacerdote,
1028 3813 1083 3898 qui
1104 3835 1186 3875 armo

153 3835 256 3966 bom.
274 3923 411 3967 curm.
428 3904 489 3967 hoo
504 3919 551 3966 est
567 3904 612 3966 l'ii
628 3925 690 3966 xx.
708 3901 911 3965 consulatum
930 3921 1070 3984 gessere.
1089 3902 1187 3964 Psar-

155 4009 218 4051 sorz.
236 3986 272 4049 de
286 3989 387 4052 Armis
404 3989 543 4072 priorum
558 3990 645 4052 Rom.
662 3988 771 4073 Epire.
788 4009 856 4076 cap.
870 3987 929 4050 xiv.
948 3985 1052 4063 initio,
1070 3985 1111 4047 ab
1132 4006 1187 4049 eo·

155 4073 227 4136 dem
246 4074 471 4138 Rsluruelo
491 4074 613 4137 allatus.

199 4157 361 4223 Caeterum
389 4160 513 4223 addidit
538 4160 725 4244 particulam
749 4160 776 4221 δὲ
800 4170 874 4242 post
897 4154 1035 4240 μακαρίου
1058 4154 1188 4238 Niceplz.

154 4244 210 4335 qui
230 4245 326 4310 etiam
348 4249 374 4308 ἐν
394 4245 485 4334 Ῥώμῃ
507 4267 565 4333 pro
586 4251 619 4333 τῇ
638 4245 729 4333 Ῥώμῃ
749 4243 894 4309 similiter
907 4256 1003 4332 atque
1018 4241 1065 4304 ed.
1080 4240 1188 4327 Steplr.
