<?xml version="1.0" encoding="UTF-8"?>
<!DOCTYPE html PUBLIC "-//W3C//DTD XHTML 1.0 Transitional//EN"
    "http://www.w3.org/TR/xhtml1/DTD/xhtml1-transitional.dtd">
<html xmlns="http://www.w3.org/1999/xhtml" xml:lang="en" lang="en">
 <head>
  <title>
</title>
<meta http-equiv="Content-Type" content="text/html;charset=utf-8" />
  <meta name='ocr-system' content='tesseract 3.04.00' />
  <meta name='ocr-capabilities' content='ocr_page ocr_carea ocr_par ocr_line ocrx_word'/>
</head>
<body>
  <div class='ocr_page' id='page_1' title='image "./reliquiaesacrae00routgoog_0263.png"; bbox 0 0 2716 4748; ppageno 0'>
   <div class='ocr_carea' id='block_1_1' title="bbox 264 274 1090 366">
    <p class='ocr_par' dir='ltr' id='par_1_1' title="bbox 264 274 1090 366">
     <span class='ocr_line' id='line_1_1' title="bbox 264 274 1090 366; baseline -0.004 -21"><span class='ocrx_word' id='word_1_1' title='bbox 264 280 316 359; x_wconf 88' lang='lat' dir='ltr'><strong>IN</strong></span> <span class='ocrx_word' id='word_1_2' title='bbox 337 278 570 366; x_wconf 69' lang='lat' dir='ltr'><strong>HEGESIPPI</strong></span> <span class='ocrx_word' id='word_1_3' title='bbox 593 274 889 341; x_wconf 84' lang='lat' dir='ltr'>FRAGMENTA.</span> <span class='ocrx_word' id='word_1_4' title='bbox 1030 294 1090 362; x_wconf 74' lang='lat'><strong>223</strong></span> 
     </span>
    </p>
   </div>
   <div class='ocr_carea' id='block_1_2' title="bbox 56 444 1147 3436">
    <p class='ocr_par' dir='ltr' id='par_1_2' title="bbox 56 444 1147 3436">
     <span class='ocr_line' id='line_1_2' title="bbox 58 444 1092 537; baseline -0.006 -22"><span class='ocrx_word' id='word_1_5' title='bbox 58 447 183 537; x_wconf 90' lang='lat' dir='ltr'><strong>phorus</strong></span> <span class='ocrx_word' id='word_1_6' title='bbox 196 449 274 515; x_wconf 85' lang='lat' dir='ltr'><strong>haee·</strong></span> <span class='ocrx_word' id='word_1_7' title='bbox 283 450 349 514; x_wconf 90' lang='lat' dir='ltr'><strong>duo</strong></span> <span class='ocrx_word' id='word_1_8' title='bbox 362 448 517 515; x_wconf 88' lang='lat' dir='ltr'><strong>vocabula</strong></span> <span class='ocrx_word' id='word_1_9' title='bbox 529 445 692 534; x_wconf 85' lang='lat' dir='ltr'><strong>expunxit,</strong></span> <span class='ocrx_word' id='word_1_10' title='bbox 705 460 743 510; x_wconf 89' lang='lat' dir='ltr'><strong>ut</strong></span> <span class='ocrx_word' id='word_1_11' title='bbox 760 444 952 532; x_wconf 89' lang='lat' dir='ltr'><strong>jampridem</strong></span> <span class='ocrx_word' id='word_1_12' title='bbox 971 445 1092 510; x_wconf 86' lang='lat' dir='ltr'><strong>notavit</strong></span> 
     </span>
     <span class='ocr_line' id='line_1_3' title="bbox 59 531 1091 623; baseline -0.007 -22"><span class='ocrx_word' id='word_1_13' title='bbox 59 536 215 623; x_wconf 75' lang='lat' dir='ltr'>Scaliger,</span> <span class='ocrx_word' id='word_1_14' title='bbox 228 548 299 601; x_wconf 88' lang='lat' dir='ltr'><strong>turn</strong></span> <span class='ocrx_word' id='word_1_15' title='bbox 315 535 347 599; x_wconf 91' lang='lat' dir='ltr'><strong>in</strong></span> <span class='ocrx_word' id='word_1_16' title='bbox 364 533 686 599; x_wconf 84' lang='lat' dir='ltr'><strong>animadversionibus</strong></span> <span class='ocrx_word' id='word_1_17' title='bbox 701 531 900 609; x_wconf 87' lang='lat' dir='ltr'><strong>Eusebianis,</strong></span> <span class='ocrx_word' id='word_1_18' title='bbox 916 544 984 595; x_wconf 90' lang='lat' dir='ltr'><strong>tum</strong></span> <span class='ocrx_word' id='word_1_19' title='bbox 999 531 1032 595; x_wconf 91' lang='lat' dir='ltr'><strong>in</strong></span> <span class='ocrx_word' id='word_1_20' title='bbox 1046 533 1091 595; x_wconf 89' lang='lat' dir='ltr'><strong>E-</strong></span> 
     </span>
     <span class='ocr_line' id='line_1_4' title="bbox 58 616 1091 702; baseline -0.004 -18"><span class='ocrx_word' id='word_1_21' title='bbox 58 618 177 687; x_wconf 91' lang='lat' dir='ltr'><strong>lencho</strong></span> <span class='ocrx_word' id='word_1_22' title='bbox 189 616 370 686; x_wconf 88' lang='lat' dir='ltr'><strong>Trihaeresii</strong></span> <span class='ocrx_word' id='word_1_23' title='bbox 384 642 421 684; x_wconf 88' lang='lat' dir='ltr'><strong>ca</strong></span> <span class='ocrx_word' id='word_1_24' title='bbox 447 634 516 683; x_wconf 81' lang='lat'><strong>.25.</strong></span> <span class='ocrx_word' id='word_1_25' title='bbox 550 619 613 682; x_wconf 90' lang='lat' dir='ltr'><strong>Sed</strong></span> <span class='ocrx_word' id='word_1_26' title='bbox 627 632 735 683; x_wconf 89' lang='lat' dir='ltr'><strong>tamen</strong></span> <span class='ocrx_word' id='word_1_27' title='bbox 749 639 822 681; x_wconf 89' lang='lat' dir='ltr'><strong>cum</strong></span> <span class='ocrx_word' id='word_1_28' title='bbox 841 616 926 702; x_wconf 89' lang='lat' dir='ltr'><strong>apud</strong></span> <span class='ocrx_word' id='word_1_29' title='bbox 939 616 1091 681; x_wconf 85' lang='lat' dir='ltr'><strong>Rufinum</strong></span> 
     </span>
     <span class='ocr_line' id='line_1_5' title="bbox 58 642 1095 793; baseline -0.001 -24"><span class='ocrx_word' id='word_1_30' title='bbox 58 703 221 793; x_wconf 82' lang='lat' dir='ltr'><strong>legantur,</strong></span> <span class='ocrx_word' id='word_1_31' title='bbox 236 721 269 772; x_wconf 88' lang='lat' dir='ltr'><strong>et</strong></span> <span class='ocrx_word' id='word_1_32' title='bbox 289 707 322 770; x_wconf 94' lang='lat' dir='ltr'><strong>in</strong></span> <span class='ocrx_word' id='word_1_33' title='bbox 341 642 489 770; x_wconf 72' lang='lat' dir='ltr'><strong>omnibus</strong></span> <span class='ocrx_word' id='word_1_34' title='bbox 509 707 625 768; x_wconf 87' lang='lat' dir='ltr'><strong>nostris</strong></span> <span class='ocrx_word' id='word_1_35' title='bbox 639 702 871 788; x_wconf 82' lang='lat' dir='ltr'><strong>exemplaribus</strong></span> <span class='ocrx_word' id='word_1_36' title='bbox 886 715 1003 780; x_wconf 90' lang='lat' dir='ltr'><strong>extent,</strong></span> <span class='ocrx_word' id='word_1_37' title='bbox 1018 702 1095 768; x_wconf 84' lang='lat' dir='ltr'><strong>ferri</strong></span> 
     </span>
     <span class='ocr_line' id='line_1_6' title="bbox 58 786 1091 886; baseline -0.005 -29"><span class='ocrx_word' id='word_1_38' title='bbox 58 791 234 857; x_wconf 89' lang='lat' dir='ltr'><strong>commode</strong></span> <span class='ocrx_word' id='word_1_39' title='bbox 249 806 393 879; x_wconf 86' lang='lat' dir='ltr'><strong>possunt.</strong></span> <span class='ocrx_word' id='word_1_40' title='bbox 437 792 488 854; x_wconf 86' lang='lat' dir='ltr'><strong>Ac</strong></span> <span class='ocrx_word' id='word_1_41' title='bbox 503 789 530 853; x_wconf 89' lang='lat' dir='ltr'><strong>si</strong></span> <span class='ocrx_word' id='word_1_42' title='bbox 543 813 609 854; x_wconf 90' lang='lat' dir='ltr'><strong>rem</strong></span> <span class='ocrx_word' id='word_1_43' title='bbox 624 789 777 854; x_wconf 90' lang='lat' dir='ltr'><strong>attentius</strong></span> <span class='ocrx_word' id='word_1_44' title='bbox 789 786 1015 886; x_wconf 86' lang='lat' dir='ltr'><strong>expendamus,</strong></span> <span class='ocrx_word' id='word_1_45' title='bbox 1028 810 1091 852; x_wconf 90' lang='lat' dir='ltr'><strong>non</strong></span> 
     </span>
     <span class='ocr_line' id='line_1_7' title="bbox 58 874 1091 963; baseline -0.004 -22"><span class='ocrx_word' id='word_1_46' title='bbox 58 890 135 943; x_wconf 86' lang='lat' dir='ltr'><strong>sunt</strong></span> <span class='ocrx_word' id='word_1_47' title='bbox 148 878 194 941; x_wconf 92' lang='lat' dir='ltr'><strong>ita</strong></span> <span class='ocrx_word' id='word_1_48' title='bbox 205 877 312 963; x_wconf 90' lang='lat' dir='ltr'><strong>inepta</strong></span> <span class='ocrx_word' id='word_1_49' title='bbox 325 890 420 962; x_wconf 89' lang='lat' dir='ltr'><strong>atque</strong></span> <span class='ocrx_word' id='word_1_50' title='bbox 434 875 554 940; x_wconf 89' lang='lat' dir='ltr'><strong>insulsa</strong></span> <span class='ocrx_word' id='word_1_51' title='bbox 568 890 605 939; x_wconf 90' lang='lat' dir='ltr'><strong>ut</strong></span> <span class='ocrx_word' id='word_1_52' title='bbox 620 874 740 958; x_wconf 85' lang='lat' dir='ltr'><strong>putavit</strong></span> <span class='ocrx_word' id='word_1_53' title='bbox 755 874 908 958; x_wconf 87' lang='lat' dir='ltr'><strong>Scahger.</strong></span> <span class='ocrx_word' id='word_1_54' title='bbox 928 874 963 947; x_wconf 75' lang='grc' dir='ltr'><strong>εἷς</strong></span> <span class='ocrx_word' id='word_1_55' title='bbox 979 879 1032 937; x_wconf 81' lang='grc' dir='ltr'><strong>τῶν</strong></span> <span class='ocrx_word' id='word_1_56' title='bbox 1052 880 1091 938; x_wconf 77' lang='lat' dir='ltr'><strong>ls-</strong></span> 
     </span>
     <span class='ocr_line' id='line_1_8' title="bbox 57 959 1093 1048; baseline -0.002 -21"><span class='ocrx_word' id='word_1_57' title='bbox 57 960 127 1048; x_wconf 74' lang='lat' dir='ltr'><strong>plav</strong></span> <span class='ocrx_word' id='word_1_58' title='bbox 149 969 203 1026; x_wconf 78' lang='grc' dir='ltr'><strong>τῶν</strong></span> <span class='ocrx_word' id='word_1_59' title='bbox 223 970 284 1027; x_wconf 77' lang='grc' dir='ltr'><strong><em>υἱῶν</em></strong></span> <span class='ocrx_word' id='word_1_60' title='bbox 300 961 412 1048; x_wconf 70' lang='grc' dir='ltr'><strong><em>Ῥηχδιὸ</em></strong></span> <span class='ocrx_word' id='word_1_61' title='bbox 433 966 477 1025; x_wconf 73' lang='lat' dir='ltr'><strong>nbi</strong></span> <span class='ocrx_word' id='word_1_62' title='bbox 497 959 666 1045; x_wconf 69' lang='grc' dir='ltr'><strong>Ῥαχαὲεἷμ.</strong></span> <span class='ocrx_word' id='word_1_63' title='bbox 705 959 797 1023; x_wconf 91' lang='lat' dir='ltr'><strong>Unus</strong></span> <span class='ocrx_word' id='word_1_64' title='bbox 817 981 856 1022; x_wconf 87' lang='lat' dir='ltr'><strong>ex</strong></span> <span class='ocrx_word' id='word_1_65' title='bbox 874 959 1093 1025; x_wconf 85' lang='lat' dir='ltr'><strong>sacerdotibus</strong></span> 
     </span>
     <span class='ocr_line' id='line_1_9' title="bbox 58 1043 1094 1113; baseline -0.003 -1"><span class='ocrx_word' id='word_1_66' title='bbox 58 1047 100 1113; x_wconf 89' lang='lat' dir='ltr'><strong>de</strong></span> <span class='ocrx_word' id='word_1_67' title='bbox 116 1046 189 1113; x_wconf 88' lang='lat' dir='ltr'><strong>filiis</strong></span> <span class='ocrx_word' id='word_1_68' title='bbox 203 1048 332 1113; x_wconf 87' lang='lat' dir='ltr'><strong>Rechab</strong></span> <span class='ocrx_word' id='word_1_69' title='bbox 347 1047 402 1111; x_wconf 90' lang='lat' dir='ltr'><strong>filii</strong></span> <span class='ocrx_word' id='word_1_70' title='bbox 417 1046 603 1111; x_wconf 88' lang='lat' dir='ltr'><strong>Reehabim.</strong></span> <span class='ocrx_word' id='word_1_71' title='bbox 647 1044 739 1109; x_wconf 89' lang='lat' dir='ltr'><strong>Idem</strong></span> <span class='ocrx_word' id='word_1_72' title='bbox 751 1044 835 1108; x_wconf 91' lang='lat' dir='ltr'><strong>enim</strong></span> <span class='ocrx_word' id='word_1_73' title='bbox 850 1059 899 1107; x_wconf 89' lang='lat' dir='ltr'><strong>est</strong></span> <span class='ocrx_word' id='word_1_74' title='bbox 912 1067 949 1108; x_wconf 90' lang='lat' dir='ltr'><strong>ac</strong></span> <span class='ocrx_word' id='word_1_75' title='bbox 965 1045 992 1108; x_wconf 87' lang='lat' dir='ltr'><strong>si</strong></span> <span class='ocrx_word' id='word_1_76' title='bbox 1006 1043 1094 1109; x_wconf 88' lang='lat' dir='ltr'><strong>dioe-</strong></span> 
     </span>
     <span class='ocr_line' id='line_1_10' title="bbox 56 1130 1092 1215; baseline -0.002 -18"><span class='ocrx_word' id='word_1_77' title='bbox 56 1146 126 1212; x_wconf 85' lang='lat' dir='ltr'><strong>rct;</strong></span> <span class='ocrx_word' id='word_1_78' title='bbox 140 1137 224 1199; x_wconf 77' lang='lat' dir='ltr'><strong>unni</strong></span> <span class='ocrx_word' id='word_1_79' title='bbox 239 1156 277 1197; x_wconf 89' lang='lat' dir='ltr'><strong>ex</strong></span> <span class='ocrx_word' id='word_1_80' title='bbox 292 1133 522 1208; x_wconf 88' lang='lat' dir='ltr'><strong>sacerdotibus,</strong></span> <span class='ocrx_word' id='word_1_81' title='bbox 538 1132 618 1195; x_wconf 85' lang='lat' dir='ltr'><strong>filius</strong></span> <span class='ocrx_word' id='word_1_82' title='bbox 634 1130 764 1195; x_wconf 90' lang='lat' dir='ltr'><strong>Rechab</strong></span> <span class='ocrx_word' id='word_1_83' title='bbox 779 1130 819 1193; x_wconf 91' lang='lat' dir='ltr'><strong>de</strong></span> <span class='ocrx_word' id='word_1_84' title='bbox 834 1151 952 1215; x_wconf 85' lang='lat' dir='ltr'><strong>genere</strong></span> <span class='ocrx_word' id='word_1_85' title='bbox 967 1130 1092 1195; x_wconf 86' lang='lat' dir='ltr'><strong>Reeha-</strong></span> 
     </span>
     <span class='ocr_line' id='line_1_11' title="bbox 59 1215 1092 1306; baseline -0.002 -23"><span class='ocrx_word' id='word_1_86' title='bbox 59 1218 212 1285; x_wconf 88' lang='lat' dir='ltr'><strong>bitarum.</strong></span> <span class='ocrx_word' id='word_1_87' title='bbox 234 1242 307 1306; x_wconf 88' lang='lat' dir='ltr'><strong>quae</strong></span> <span class='ocrx_word' id='word_1_88' title='bbox 328 1232 487 1305; x_wconf 86' lang='lat' dir='ltr'><strong>postrema</strong></span> <span class='ocrx_word' id='word_1_89' title='bbox 507 1217 763 1285; x_wconf 85' lang='lat' dir='ltr'><strong>verbaconsulte</strong></span> <span class='ocrx_word' id='word_1_90' title='bbox 778 1215 864 1279; x_wconf 90' lang='lat' dir='ltr'><strong>edita</strong></span> <span class='ocrx_word' id='word_1_91' title='bbox 878 1230 963 1294; x_wconf 87' lang='lat' dir='ltr'><strong>sunt,</strong></span> <span class='ocrx_word' id='word_1_92' title='bbox 977 1227 1014 1279; x_wconf 93' lang='lat' dir='ltr'><strong>ut</strong></span> <span class='ocrx_word' id='word_1_93' title='bbox 1029 1218 1092 1281; x_wconf 89' lang='lat' dir='ltr'><strong>Re-</strong></span> 
     </span>
     <span class='ocr_line' id='line_1_12' title="bbox 57 1300 1091 1391; baseline 0 -24"><span class='ocrx_word' id='word_1_94' title='bbox 57 1302 143 1367; x_wconf 86' lang='lat' dir='ltr'><strong>chab</strong></span> <span class='ocrx_word' id='word_1_95' title='bbox 155 1318 245 1391; x_wconf 85' lang='lat' dir='ltr'><strong>pater</strong></span> <span class='ocrx_word' id='word_1_96' title='bbox 258 1303 342 1368; x_wconf 89' lang='lat' dir='ltr'><strong>illius</strong></span> <span class='ocrx_word' id='word_1_97' title='bbox 357 1302 540 1380; x_wconf 90' lang='lat' dir='ltr'><strong>sacerdotis,</strong></span> <span class='ocrx_word' id='word_1_98' title='bbox 552 1304 593 1366; x_wconf 86' lang='lat' dir='ltr'><strong>ab</strong></span> <span class='ocrx_word' id='word_1_99' title='bbox 605 1301 673 1366; x_wconf 87' lang='lat' dir='ltr'><strong>aliis</strong></span> <span class='ocrx_word' id='word_1_100' title='bbox 688 1300 818 1366; x_wconf 88' lang='lat' dir='ltr'><strong>Rechab</strong></span> <span class='ocrx_word' id='word_1_101' title='bbox 830 1300 1091 1387; x_wconf 84' lang='lat' dir='ltr'><strong>distingueretur.</strong></span> 
     </span>
     <span class='ocr_line' id='line_1_13' title="bbox 59 1385 1093 1473; baseline -0.001 -20"><span class='ocrx_word' id='word_1_102' title='bbox 59 1387 171 1455; x_wconf 87' lang='lat' dir='ltr'><strong>Plures</strong></span> <span class='ocrx_word' id='word_1_103' title='bbox 183 1389 268 1454; x_wconf 89' lang='lat' dir='ltr'><strong>enim</strong></span> <span class='ocrx_word' id='word_1_104' title='bbox 280 1388 394 1453; x_wconf 86' lang='lat' dir='ltr'><strong>eodem</strong></span> <span class='ocrx_word' id='word_1_105' title='bbox 411 1388 540 1452; x_wconf 90' lang='lat' dir='ltr'><strong>nomine</strong></span> <span class='ocrx_word' id='word_1_106' title='bbox 554 1386 793 1473; x_wconf 84' lang='lat' dir='ltr'><strong>appellabantur</strong></span> <span class='ocrx_word' id='word_1_107' title='bbox 808 1385 960 1450; x_wconf 86' lang='lat' dir='ltr'><strong>Reehab:</strong></span> <span class='ocrx_word' id='word_1_108' title='bbox 982 1408 1093 1452; x_wconf 90' lang='lat' dir='ltr'><strong>verum</strong></span> 
     </span>
     <span class='ocr_line' id='line_1_14' title="bbox 58 1472 1095 1560; baseline 0 -22"><span class='ocrx_word' id='word_1_109' title='bbox 58 1473 113 1538; x_wconf 89' lang='lat' dir='ltr'><strong>hic</strong></span> <span class='ocrx_word' id='word_1_110' title='bbox 127 1472 169 1537; x_wconf 90' lang='lat' dir='ltr'><strong>de</strong></span> <span class='ocrx_word' id='word_1_111' title='bbox 183 1497 249 1560; x_wconf 93' lang='lat' dir='ltr'><strong>quo</strong></span> <span class='ocrx_word' id='word_1_112' title='bbox 265 1473 297 1538; x_wconf 95' lang='lat' dir='ltr'><strong>lo</strong></span> <span class='ocrx_word' id='word_1_113' title='bbox 321 1474 406 1538; x_wconf 89' lang='lat' dir='ltr'><strong>uitur</strong></span> <span class='ocrx_word' id='word_1_114' title='bbox 422 1473 639 1559; x_wconf 86' lang='lat' dir='ltr'><strong>Hegesippus‚</strong></span> <span class='ocrx_word' id='word_1_115' title='bbox 655 1486 723 1535; x_wconf 89' lang='lat' dir='ltr'><strong>erat</strong></span> <span class='ocrx_word' id='word_1_116' title='bbox 738 1472 888 1556; x_wconf 89' lang='lat' dir='ltr'><strong>exstirpe</strong></span> <span class='ocrx_word' id='word_1_117' title='bbox 904 1472 1095 1538; x_wconf 86' lang='lat' dir='ltr'><strong>Reehabita-</strong></span> 
     </span>
     <span class='ocr_line' id='line_1_15' title="bbox 59 1497 1093 1645; baseline -0.001 -21"><span class='ocrx_word' id='word_1_118' title='bbox 59 1581 132 1623; x_wconf 90' lang='lat' dir='ltr'><strong>rum</strong></span> <span class='ocrx_word' id='word_1_119' title='bbox 147 1559 288 1638; x_wconf 88' lang='lat' dir='ltr'><strong>illorum,</strong></span> <span class='ocrx_word' id='word_1_120' title='bbox 298 1497 339 1624; x_wconf 84' lang='lat' dir='ltr'><strong>de</strong></span> <span class='ocrx_word' id='word_1_121' title='bbox 351 1559 466 1645; x_wconf 93' lang='lat' dir='ltr'><strong>quibus</strong></span> <span class='ocrx_word' id='word_1_122' title='bbox 480 1559 606 1622; x_wconf 89' lang='lat' dir='ltr'><strong>locutus</strong></span> <span class='ocrx_word' id='word_1_123' title='bbox 618 1571 667 1621; x_wconf 89' lang='lat' dir='ltr'><strong>est</strong></span> <span class='ocrx_word' id='word_1_124' title='bbox 677 1557 867 1645; x_wconf 83' lang='lat' dir='ltr'><strong>Hieremias.</strong></span> <span class='ocrx_word' id='word_1_125' title='bbox 885 1557 1093 1623; x_wconf 67' lang='lat' dir='ltr'><strong>Vaasslus</strong></span> 
     </span>
     <span class='ocr_line' id='line_1_16' title="bbox 59 1641 1096 1730; baseline 0 -21"><span class='ocrx_word' id='word_1_126' title='bbox 59 1642 211 1709; x_wconf 86' lang='lat' dir='ltr'><strong>Valesius</strong></span> <span class='ocrx_word' id='word_1_127' title='bbox 230 1650 286 1709; x_wconf 72' lang='grc' dir='ltr'><strong>υἱοῦ</strong></span> <span class='ocrx_word' id='word_1_128' title='bbox 303 1641 459 1730; x_wconf 66' lang='grc' dir='ltr'>Ῥηχαὸεὶμ</span> <span class='ocrx_word' id='word_1_129' title='bbox 474 1643 605 1727; x_wconf 91' lang='lat' dir='ltr'><strong>exponit</strong></span> <span class='ocrx_word' id='word_1_130' title='bbox 619 1642 658 1706; x_wconf 90' lang='lat' dir='ltr'><strong>dc</strong></span> <span class='ocrx_word' id='word_1_131' title='bbox 671 1665 781 1730; x_wconf 83' lang='lat' dir='ltr'><strong>genere</strong></span> <span class='ocrx_word' id='word_1_132' title='bbox 796 1641 1043 1722; x_wconf 79' lang='lat' dir='ltr'><strong>Reehabitarum,</strong></span> <span class='ocrx_word' id='word_1_133' title='bbox 1057 1657 1096 1709; x_wconf 91' lang='lat' dir='ltr'><strong>ut</strong></span> 
     </span>
     <span class='ocr_line' id='line_1_17' title="bbox 59 1727 1095 1816; baseline 0 -23"><span class='ocrx_word' id='word_1_134' title='bbox 59 1728 192 1795; x_wconf 87' lang='lat' dir='ltr'><strong>Recbab</strong></span> <span class='ocrx_word' id='word_1_135' title='bbox 214 1730 275 1795; x_wconf 91' lang='lat' dir='ltr'><strong>iste</strong></span> <span class='ocrx_word' id='word_1_136' title='bbox 298 1751 363 1816; x_wconf 85' lang='lat' dir='ltr'><strong>quo</strong></span> <span class='ocrx_word' id='word_1_137' title='bbox 387 1730 428 1792; x_wconf 90' lang='lat' dir='ltr'><strong>ab</strong></span> <span class='ocrx_word' id='word_1_138' title='bbox 450 1728 519 1792; x_wconf 84' lang='lat' dir='ltr'><strong>aliis</strong></span> <span class='ocrx_word' id='word_1_139' title='bbox 540 1727 684 1814; x_wconf 88' lang='lat' dir='ltr'><strong>ejusdem</strong></span> <span class='ocrx_word' id='word_1_140' title='bbox 707 1727 845 1791; x_wconf 90' lang='lat' dir='ltr'><strong>nominis</strong></span> <span class='ocrx_word' id='word_1_141' title='bbox 867 1728 1095 1814; x_wconf 81' lang='lat' dir='ltr'><strong>distinguatur,</strong></span> 
     </span>
     <span class='ocr_line' id='line_1_18' title="bbox 58 1811 1147 1901; baseline 0.001 -23"><span class='ocrx_word' id='word_1_142' title='bbox 58 1814 170 1880; x_wconf 87' lang='lat' dir='ltr'><strong>audiat</strong></span> <span class='ocrx_word' id='word_1_143' title='bbox 187 1813 283 1901; x_wconf 82' lang='lat' dir='ltr'><strong>filias</strong></span> <span class='ocrx_word' id='word_1_144' title='bbox 307 1814 398 1878; x_wconf 79' lang='lat' dir='ltr'><strong>unius</strong></span> <span class='ocrx_word' id='word_1_145' title='bbox 422 1836 439 1876; x_wconf 89' lang='lat' dir='ltr'><strong>e</strong></span> <span class='ocrx_word' id='word_1_146' title='bbox 462 1812 648 1877; x_wconf 77' lang='lat' dir='ltr'><strong>Reehabitis.</strong></span> <span class='ocrx_word' id='word_1_147' title='bbox 696 1811 759 1876; x_wconf 93' lang='lat' dir='ltr'><strong>Sed</strong></span> <span class='ocrx_word' id='word_1_148' title='bbox 780 1811 945 1899; x_wconf 92' lang='lat' dir='ltr'><strong>quomodo</strong></span> <span class='ocrx_word' id='word_1_149' title='bbox 968 1815 1093 1879; x_wconf 85' lang='lat' dir='ltr'><strong>Recha·</strong></span> <span class='ocrx_word' id='word_1_150' title='bbox 1143 1878 1147 1885; x_wconf 84' lang='grc'><strong>,</strong></span> 
     </span>
     <span class='ocr_line' id='line_1_19' title="bbox 59 1897 1095 1987; baseline 0.002 -23"><span class='ocrx_word' id='word_1_151' title='bbox 59 1899 138 1978; x_wconf 86' lang='lat' dir='ltr'><strong>bita,</strong></span> <span class='ocrx_word' id='word_1_152' title='bbox 160 1915 257 1987; x_wconf 87' lang='lat' dir='ltr'><strong>atquc</strong></span> <span class='ocrx_word' id='word_1_153' title='bbox 281 1900 361 1965; x_wconf 86' lang='lat' dir='ltr'><strong>adeo</strong></span> <span class='ocrx_word' id='word_1_154' title='bbox 387 1898 577 1978; x_wconf 89' lang='lat' dir='ltr'><strong>Madianita,</strong></span> <span class='ocrx_word' id='word_1_155' title='bbox 623 1897 708 1963; x_wconf 89' lang='lat' dir='ltr'><strong>otuit</strong></span> <span class='ocrx_word' id='word_1_156' title='bbox 731 1920 800 1962; x_wconf 91' lang='lat' dir='ltr'><strong>esse</strong></span> <span class='ocrx_word' id='word_1_157' title='bbox 822 1898 990 1964; x_wconf 82' lang='lat' dir='ltr'><strong>sacerdos?</strong></span> <span class='ocrx_word' id='word_1_158' title='bbox 1020 1900 1095 1968; x_wconf 90' lang='lat' dir='ltr'><strong>Nisi</strong></span> 
     </span>
     <span class='ocr_line' id='line_1_20' title="bbox 58 1980 1093 2071; baseline 0.004 -24"><span class='ocrx_word' id='word_1_159' title='bbox 58 1984 145 2051; x_wconf 83' lang='lat' dir='ltr'><strong>forte</strong></span> <span class='ocrx_word' id='word_1_160' title='bbox 158 1980 272 2061; x_wconf 81' lang='lat' dir='ltr'><strong>dixeris</strong></span> <span class='ocrx_word' id='word_1_161' title='bbox 285 2008 324 2050; x_wconf 91' lang='lat' dir='ltr'><strong>ex</strong></span> <span class='ocrx_word' id='word_1_162' title='bbox 334 1986 353 2049; x_wconf 93' lang='lat' dir='ltr'>J</span> <span class='ocrx_word' id='word_1_163' title='bbox 357 1983 456 2049; x_wconf 90' lang='lat' dir='ltr'><strong>udaeis</strong></span> <span class='ocrx_word' id='word_1_164' title='bbox 471 1985 568 2048; x_wconf 79' lang='lat' dir='ltr'><strong>etiam</strong></span> <span class='ocrx_word' id='word_1_165' title='bbox 613 1986 706 2071; x_wconf 91' lang='lat' dir='ltr'><strong>iquos</strong></span> <span class='ocrx_word' id='word_1_166' title='bbox 725 1983 889 2070; x_wconf 88' lang='lat' dir='ltr'><strong>amplexos</strong></span> <span class='ocrx_word' id='word_1_167' title='bbox 910 1985 1093 2051; x_wconf 89' lang='lat' dir='ltr'><strong>institutum</strong></span> 
     </span>
     <span class='ocr_line' id='line_1_21' title="bbox 58 2065 1095 2158; baseline 0.002 -23"><span class='ocrx_word' id='word_1_168' title='bbox 58 2091 99 2134; x_wconf 90' lang='lat' dir='ltr'><strong>ac</strong></span> <span class='ocrx_word' id='word_1_169' title='bbox 120 2065 193 2135; x_wconf 79' lang='lat' dir='ltr'><strong>vitre</strong></span> <span class='ocrx_word' id='word_1_170' title='bbox 213 2092 317 2158; x_wconf 81' lang='lat' dir='ltr'><strong>genus</strong></span> <span class='ocrx_word' id='word_1_171' title='bbox 339 2070 599 2148; x_wconf 87' lang='lat' dir='ltr'><strong>Reehabitarum,</strong></span> <span class='ocrx_word' id='word_1_172' title='bbox 623 2093 695 2156; x_wconf 83' lang='lat' dir='ltr'><strong>quae</strong></span> <span class='ocrx_word' id='word_1_173' title='bbox 718 2071 903 2156; x_wconf 90' lang='lat' dir='ltr'><strong>conjectura</strong></span> <span class='ocrx_word' id='word_1_174' title='bbox 925 2086 974 2136; x_wconf 89' lang='lat' dir='ltr'><strong>est</strong></span> <span class='ocrx_word' id='word_1_175' title='bbox 994 2071 1095 2137; x_wconf 91' lang='lat' dir='ltr'><strong>Tille-</strong></span> 
     </span>
     <span class='ocr_line' id='line_1_22' title="bbox 60 2155 1094 2241; baseline 0.003 -22"><span class='ocrx_word' id='word_1_176' title='bbox 60 2155 177 2221; x_wconf 88' lang='lat' dir='ltr'><strong>montii</strong></span> <span class='ocrx_word' id='word_1_177' title='bbox 193 2169 271 2221; x_wconf 85' lang='lat' dir='ltr'><strong>torn.</strong></span> <span class='ocrx_word' id='word_1_178' title='bbox 282 2158 310 2220; x_wconf 94' lang='lat' dir='ltr'><strong>l.</strong></span> <span class='ocrx_word' id='word_1_179' title='bbox 327 2157 467 2221; x_wconf 88' lang='lat' dir='ltr'><strong>Memor.</strong></span> <span class='ocrx_word' id='word_1_180' title='bbox 481 2157 527 2219; x_wconf 91' lang='lat' dir='ltr'><strong>H.</strong></span> <span class='ocrx_word' id='word_1_181' title='bbox 539 2158 577 2219; x_wconf 88' lang='lat' dir='ltr'><strong>E.</strong></span> <span class='ocrx_word' id='word_1_182' title='bbox 594 2177 626 2241; x_wconf 89' lang='lat' dir='ltr'><strong>p.</strong></span> <span class='ocrx_word' id='word_1_183' title='bbox 640 2167 725 2230; x_wconf 81' lang='lat'><strong>1147.</strong></span> <span class='ocrx_word' id='word_1_184' title='bbox 741 2155 794 2220; x_wconf 92' lang='lat' dir='ltr'><strong>eui</strong></span> <span class='ocrx_word' id='word_1_185' title='bbox 809 2155 1001 2240; x_wconf 85' lang='lat' dir='ltr'><strong>suffragatur</strong></span> <span class='ocrx_word' id='word_1_186' title='bbox 1017 2157 1094 2222; x_wconf 88' lang='lat' dir='ltr'><strong>Cla-</strong></span> 
     </span>
     <span class='ocr_line' id='line_1_23' title="bbox 59 2240 1095 2329; baseline 0.004 -24"><span class='ocrx_word' id='word_1_187' title='bbox 59 2240 131 2306; x_wconf 89' lang='lat' dir='ltr'><strong>riss.</strong></span> <span class='ocrx_word' id='word_1_188' title='bbox 150 2240 278 2321; x_wconf 79' lang='lat' dir='ltr'><strong>Canius,</strong></span> <span class='ocrx_word' id='word_1_189' title='bbox 289 2242 345 2327; x_wconf 93' lang='lat' dir='ltr'><strong>qui</strong></span> <span class='ocrx_word' id='word_1_190' title='bbox 358 2241 390 2304; x_wconf 90' lang='lat' dir='ltr'><strong>in</strong></span> <span class='ocrx_word' id='word_1_191' title='bbox 407 2240 566 2304; x_wconf 87' lang='lat' dir='ltr'><strong>Simeonis</strong></span> <span class='ocrx_word' id='word_1_192' title='bbox 580 2241 644 2305; x_wconf 88' lang='lat' dir='ltr'><strong>vita</strong></span> <span class='ocrx_word' id='word_1_193' title='bbox 658 2255 737 2304; x_wconf 86' lang='lat' dir='ltr'><strong>tom.</strong></span> <span class='ocrx_word' id='word_1_194' title='bbox 749 2243 777 2305; x_wconf 93' lang='lat' dir='ltr'><strong>I.</strong></span> <span class='ocrx_word' id='word_1_195' title='bbox 789 2241 992 2324; x_wconf 64' lang='lat' dir='ltr'><strong>Apostolum.</strong></span> <span class='ocrx_word' id='word_1_196' title='bbox 1001 2265 1035 2329; x_wconf 91' lang='lat' dir='ltr'><strong>p.</strong></span> <span class='ocrx_word' id='word_1_197' title='bbox 1044 2260 1095 2322; x_wconf 86' lang='lat'><strong>91.</strong></span> 
     </span>
     <span class='ocr_line' id='line_1_24' title="bbox 60 2325 1096 2414; baseline 0.002 -23"><span class='ocrx_word' id='word_1_198' title='bbox 60 2349 103 2391; x_wconf 86' lang='lat' dir='ltr'><strong>ex</strong></span> <span class='ocrx_word' id='word_1_199' title='bbox 116 2348 168 2405; x_wconf 92' lang='lat' dir='ltr'><strong>eo,</strong></span> <span class='ocrx_word' id='word_1_200' title='bbox 178 2327 267 2413; x_wconf 93' lang='lat' dir='ltr'><strong>quod</strong></span> <span class='ocrx_word' id='word_1_201' title='bbox 280 2326 477 2413; x_wconf 85' lang='lat' dir='ltr'><strong>Epiphanius</strong></span> <span class='ocrx_word' id='word_1_202' title='bbox 492 2325 607 2390; x_wconf 88' lang='lat' dir='ltr'><strong>lxxviii.</strong></span> <span class='ocrx_word' id='word_1_203' title='bbox 623 2338 668 2388; x_wconf 79' lang='lat'><strong>14.</strong></span> <span class='ocrx_word' id='word_1_204' title='bbox 691 2325 872 2390; x_wconf 82' lang='lat' dir='ltr'><strong>Simeonem</strong></span> <span class='ocrx_word' id='word_1_205' title='bbox 891 2325 1023 2412; x_wconf 86' lang='lat' dir='ltr'><strong>Cleopae</strong></span> <span class='ocrx_word' id='word_1_206' title='bbox 1035 2350 1096 2414; x_wconf 92' lang='lat' dir='ltr'><strong>pro</strong></span> 
     </span>
     <span class='ocr_line' id='line_1_25' title="bbox 58 2410 1097 2498; baseline 0.001 -21"><span class='ocrx_word' id='word_1_207' title='bbox 58 2412 187 2477; x_wconf 87' lang='lat' dir='ltr'><strong>Jacobo</strong></span> <span class='ocrx_word' id='word_1_208' title='bbox 207 2433 313 2476; x_wconf 88' lang='lat' dir='ltr'><strong>orasse</strong></span> <span class='ocrx_word' id='word_1_209' title='bbox 334 2426 449 2491; x_wconf 89' lang='lat' dir='ltr'><strong>narrat,</strong></span> <span class='ocrx_word' id='word_1_210' title='bbox 467 2410 594 2493; x_wconf 87' lang='lat' dir='ltr'><strong>(iisdem</strong></span> <span class='ocrx_word' id='word_1_211' title='bbox 612 2433 706 2475; x_wconf 90' lang='lat' dir='ltr'><strong>usum</strong></span> <span class='ocrx_word' id='word_1_212' title='bbox 725 2411 839 2490; x_wconf 89' lang='lat' dir='ltr'><strong>verbis,</strong></span> <span class='ocrx_word' id='word_1_213' title='bbox 853 2412 971 2498; x_wconf 92' lang='lat' dir='ltr'><strong>quibus</strong></span> <span class='ocrx_word' id='word_1_214' title='bbox 989 2414 1015 2476; x_wconf 91' lang='lat' dir='ltr'><strong>is</strong></span> <span class='ocrx_word' id='word_1_215' title='bbox 1032 2415 1097 2478; x_wconf 89' lang='lat' dir='ltr'><strong>Re·</strong></span> 
     </span>
     <span class='ocr_line' id='line_1_26' title="bbox 59 2495 1097 2583; baseline 0.005 -23"><span class='ocrx_word' id='word_1_216' title='bbox 59 2496 204 2578; x_wconf 88' lang='lat' dir='ltr'><strong>ehabita)</strong></span> <span class='ocrx_word' id='word_1_217' title='bbox 218 2495 343 2583; x_wconf 81' lang='lat' dir='ltr'><strong>colligit</strong></span> <span class='ocrx_word' id='word_1_218' title='bbox 357 2497 540 2561; x_wconf 87' lang='lat' dir='ltr'><strong>Simeonem</strong></span> <span class='ocrx_word' id='word_1_219' title='bbox 556 2497 647 2560; x_wconf 91' lang='lat' dir='ltr'><strong>illum</strong></span> <span class='ocrx_word' id='word_1_220' title='bbox 660 2495 905 2560; x_wconf 88' lang='lat' dir='ltr'><strong>Reehabitarum</strong></span> <span class='ocrx_word' id='word_1_221' title='bbox 920 2497 1023 2562; x_wconf 86' lang='lat' dir='ltr'><strong>ordini</strong></span> <span class='ocrx_word' id='word_1_222' title='bbox 1037 2500 1097 2564; x_wconf 89' lang='lat' dir='ltr'><strong>ad-</strong></span> 
     </span>
     <span class='ocr_line' id='line_1_27' title="bbox 60 2580 1097 2669; baseline 0.005 -23"><span class='ocrx_word' id='word_1_223' title='bbox 60 2583 216 2669; x_wconf 86' lang='lat' dir='ltr'><strong>scriptum</strong></span> <span class='ocrx_word' id='word_1_224' title='bbox 231 2580 339 2647; x_wconf 84' lang='lat' dir='ltr'><strong>fuisse.</strong></span> <span class='ocrx_word' id='word_1_225' title='bbox 383 2584 507 2649; x_wconf 88' lang='lat' dir='ltr'><strong>Verum</strong></span> <span class='ocrx_word' id='word_1_226' title='bbox 527 2583 598 2668; x_wconf 93' lang='lat' dir='ltr'><strong>quis</strong></span> <span class='ocrx_word' id='word_1_227' title='bbox 619 2581 784 2667; x_wconf 61' lang='lat' dir='ltr'><strong>praestabit</strong></span> <span class='ocrx_word' id='word_1_228' title='bbox 806 2581 891 2646; x_wconf 90' lang='lat' dir='ltr'><strong>huuc</strong></span> <span class='ocrx_word' id='word_1_229' title='bbox 913 2584 1097 2651; x_wconf 88' lang='lat' dir='ltr'><strong>Simeonem</strong></span> 
     </span>
     <span class='ocr_line' id='line_1_28' title="bbox 59 2665 1097 2754; baseline 0.004 -21"><span class='ocrx_word' id='word_1_230' title='bbox 59 2666 285 2733; x_wconf 82' lang='lat' dir='ltr'><strong>sacerdotem?</strong></span> <span class='ocrx_word' id='word_1_231' title='bbox 308 2670 400 2734; x_wconf 90' lang='lat' dir='ltr'><strong>Num</strong></span> <span class='ocrx_word' id='word_1_232' title='bbox 417 2668 623 2754; x_wconf 85' lang='lat' dir='ltr'><strong>Hegesippus</strong></span> <span class='ocrx_word' id='word_1_233' title='bbox 637 2666 742 2731; x_wconf 89' lang='lat' dir='ltr'><strong>dicere</strong></span> <span class='ocrx_word' id='word_1_234' title='bbox 753 2665 854 2731; x_wconf 88' lang='lat' dir='ltr'><strong>voluit</strong></span> <span class='ocrx_word' id='word_1_235' title='bbox 869 2668 945 2742; x_wconf 61' lang='lat' dir='ltr'><strong>telas</strong></span> <span class='ocrx_word' id='word_1_236' title='bbox 958 2671 1097 2753; x_wconf 64' lang='lat' dir='ltr'><strong>Essiam,</strong></span> 
     </span>
     <span class='ocr_line' id='line_1_29' title="bbox 58 2752 1097 2840; baseline 0.003 -21"><span class='ocrx_word' id='word_1_237' title='bbox 58 2767 96 2819; x_wconf 80' lang='lat' dir='ltr'><strong>et</strong></span> <span class='ocrx_word' id='word_1_238' title='bbox 112 2752 196 2818; x_wconf 81' lang='lat' dir='ltr'><strong>dixit</strong></span> <span class='ocrx_word' id='word_1_239' title='bbox 216 2755 312 2838; x_wconf 68' lang='grc' dir='ltr'><strong>ἱερεῖς.)</strong></span> <span class='ocrx_word' id='word_1_240' title='bbox 344 2755 398 2818; x_wconf 83' lang='lat' dir='ltr'><strong>De</strong></span> <span class='ocrx_word' id='word_1_241' title='bbox 417 2753 533 2817; x_wconf 85' lang='lat' dir='ltr'><strong>Essaeis</strong></span> <span class='ocrx_word' id='word_1_242' title='bbox 551 2765 638 2817; x_wconf 88' lang='lat' dir='ltr'><strong>certe</strong></span> <span class='ocrx_word' id='word_1_243' title='bbox 659 2752 795 2816; x_wconf 84' lang='lat' dir='ltr'><strong>suidas:</strong></span> <span class='ocrx_word' id='word_1_244' title='bbox 815 2753 946 2816; x_wconf 79' lang='grc' dir='ltr'><strong><em>Ἐσσαῖοι</em></strong></span> <span class='ocrx_word' id='word_1_245' title='bbox 969 2755 1097 2840; x_wconf 75' lang='grc' dir='ltr'><strong>ἀπόγονοι</strong></span> 
     </span>
     <span class='ocr_line' id='line_1_30' title="bbox 58 2836 1100 2928; baseline 0.006 -25"><span class='ocrx_word' id='word_1_246' title='bbox 58 2836 196 2905; x_wconf 67' lang='grc' dir='ltr'>Ἰωναδᾶὅ</span> <span class='ocrx_word' id='word_1_247' title='bbox 213 2843 258 2903; x_wconf 76' lang='lat' dir='ltr'><strong>aiii</strong></span> <span class='ocrx_word' id='word_1_248' title='bbox 276 2836 388 2926; x_wconf 68' lang='grc' dir='ltr'>Ῥηχὰὸ</span> <span class='ocrx_word' id='word_1_249' title='bbox 404 2845 441 2901; x_wconf 71' lang='grc' dir='ltr'><strong>τῦ</strong></span> <span class='ocrx_word' id='word_1_250' title='bbox 462 2838 576 2902; x_wconf 69' lang='grc' dir='ltr'><strong>δικαίου.</strong></span> <span class='ocrx_word' id='word_1_251' title='bbox 614 2838 664 2901; x_wconf 88' lang='lat' dir='ltr'><strong>Ita</strong></span> <span class='ocrx_word' id='word_1_252' title='bbox 678 2850 765 2901; x_wconf 83' lang='lat' dir='ltr'><strong>recte</strong></span> <span class='ocrx_word' id='word_1_253' title='bbox 782 2837 868 2902; x_wconf 92' lang='lat' dir='ltr'><strong>hunc</strong></span> <span class='ocrx_word' id='word_1_254' title='bbox 888 2837 995 2904; x_wconf 88' lang='lat' dir='ltr'><strong>locum</strong></span> <span class='ocrx_word' id='word_1_255' title='bbox 1018 2842 1100 2928; x_wconf 77' lang='lat' dir='ltr'><strong>legit</strong></span> 
     </span>
     <span class='ocr_line' id='line_1_31' title="bbox 59 2920 1097 3010; baseline 0.003 -21"><span class='ocrx_word' id='word_1_256' title='bbox 59 2925 201 2990; x_wconf 92' lang='lat' dir='ltr'><strong>Hieron.</strong></span> <span class='ocrx_word' id='word_1_257' title='bbox 216 2920 368 2989; x_wconf 89' lang='lat' dir='ltr'><strong>Wolfius.</strong></span> <span class='ocrx_word' id='word_1_258' title='bbox 391 2926 614 2988; x_wconf 74' lang='lat' dir='ltr'><strong>Fnamcrus.</strong></span> <span class='ocrx_word' id='word_1_259' title='bbox 659 2923 816 2988; x_wconf 90' lang='lat' dir='ltr'><strong>Samuelis</strong></span> <span class='ocrx_word' id='word_1_260' title='bbox 833 2923 962 3010; x_wconf 88' lang='lat' dir='ltr'><strong>quidem</strong></span> <span class='ocrx_word' id='word_1_261' title='bbox 978 2927 1097 2992; x_wconf 81' lang='lat' dir='ltr'><strong>Perke-</strong></span> 
     </span>
     <span class='ocr_line' id='line_1_32' title="bbox 59 3007 1099 3106; baseline 0.003 -31"><span class='ocrx_word' id='word_1_262' title='bbox 59 3033 127 3088; x_wconf 90' lang='lat' dir='ltr'><strong>rus,</strong></span> <span class='ocrx_word' id='word_1_263' title='bbox 142 3009 332 3074; x_wconf 87' lang='lat' dir='ltr'><strong>Oxoniensis</strong></span> <span class='ocrx_word' id='word_1_264' title='bbox 354 3009 433 3074; x_wconf 92' lang='lat' dir='ltr'><strong>olim</strong></span> <span class='ocrx_word' id='word_1_265' title='bbox 454 3008 632 3106; x_wconf 89' lang='lat' dir='ltr'><strong>episcopus,</strong></span> <span class='ocrx_word' id='word_1_266' title='bbox 647 3012 676 3071; x_wconf 77' lang='grc' dir='ltr'><strong>οὐ</strong></span> <span class='ocrx_word' id='word_1_267' title='bbox 694 3007 788 3094; x_wconf 71' lang='grc' dir='ltr'><strong><em>τυχὼν</em></strong></span> <span class='ocrx_word' id='word_1_268' title='bbox 803 3012 880 3096; x_wconf 66' lang='grc' dir='ltr'><strong><em>ἀνὴρ,</em></strong></span> <span class='ocrx_word' id='word_1_269' title='bbox 897 3010 930 3073; x_wconf 91' lang='lat' dir='ltr'><strong>in</strong></span> <span class='ocrx_word' id='word_1_270' title='bbox 948 3010 1032 3076; x_wconf 92' lang='lat' dir='ltr'><strong>libro</strong></span> <span class='ocrx_word' id='word_1_271' title='bbox 1047 3014 1099 3079; x_wconf 87' lang='lat' dir='ltr'><strong>Dc</strong></span> 
     </span>
     <span class='ocr_line' id='line_1_33' title="bbox 58 3093 1100 3195; baseline 0.002 -36"><span class='ocrx_word' id='word_1_272' title='bbox 58 3093 148 3195; x_wconf 76' lang='lat' dir='ltr'><strong>Lege</strong></span> <span class='ocrx_word' id='word_1_273' title='bbox 176 3095 313 3159; x_wconf 71' lang='lat' dir='ltr'><strong>Naturae</strong></span> <span class='ocrx_word' id='word_1_274' title='bbox 341 3116 378 3158; x_wconf 86' lang='lat' dir='ltr'><strong>ac</strong></span> <span class='ocrx_word' id='word_1_275' title='bbox 407 3093 567 3181; x_wconf 74' lang='lat' dir='ltr'><strong>Religione</strong></span> <span class='ocrx_word' id='word_1_276' title='bbox 599 3093 787 3173; x_wconf 79' lang='lat' dir='ltr'><strong>Christiana,</strong></span> <span class='ocrx_word' id='word_1_277' title='bbox 819 3093 930 3180; x_wconf 87' lang='lat' dir='ltr'><strong>lingua</strong></span> <span class='ocrx_word' id='word_1_278' title='bbox 957 3097 1100 3183; x_wconf 80' lang='lat' dir='ltr'><strong>Anglica</strong></span> 
     </span>
     <span class='ocr_line' id='line_1_34' title="bbox 60 3178 1099 3265; baseline 0.004 -20"><span class='ocrx_word' id='word_1_279' title='bbox 60 3202 124 3245; x_wconf 80' lang='lat' dir='ltr'><strong>scri</strong></span> <span class='ocrx_word' id='word_1_280' title='bbox 148 3194 196 3258; x_wconf 87' lang='lat' dir='ltr'><strong>to,</strong></span> <span class='ocrx_word' id='word_1_281' title='bbox 213 3180 246 3243; x_wconf 89' lang='lat' dir='ltr'><strong>P.</strong></span> <span class='ocrx_word' id='word_1_282' title='bbox 260 3178 293 3244; x_wconf 87' lang='lat' dir='ltr'><strong>ii.</strong></span> <span class='ocrx_word' id='word_1_283' title='bbox 308 3182 338 3263; x_wconf 76' lang='lat'><strong>§.</strong></span> <span class='ocrx_word' id='word_1_284' title='bbox 350 3194 399 3244; x_wconf 84' lang='lat'><strong>³2.</strong></span> <span class='ocrx_word' id='word_1_285' title='bbox 414 3200 446 3265; x_wconf 89' lang='lat' dir='ltr'><strong>p.</strong></span> <span class='ocrx_word' id='word_1_286' title='bbox 458 3192 527 3254; x_wconf 82' lang='grc'><em>337.</em></span> <span class='ocrx_word' id='word_1_287' title='bbox 547 3178 710 3265; x_wconf 86' lang='lat' dir='ltr'><strong>Scaligero</strong></span> <span class='ocrx_word' id='word_1_288' title='bbox 731 3179 923 3264; x_wconf 88' lang='lat' dir='ltr'><strong>respondens</strong></span> <span class='ocrx_word' id='word_1_289' title='bbox 942 3182 997 3260; x_wconf 89' lang='lat' dir='ltr'><strong>ait,</strong></span> <span class='ocrx_word' id='word_1_290' title='bbox 1011 3183 1099 3249; x_wconf 87' lang='lat' dir='ltr'><strong>haud</strong></span> 
     </span>
     <span class='ocr_line' id='line_1_35' title="bbox 58 3264 1100 3352; baseline 0.003 -21"><span class='ocrx_word' id='word_1_291' title='bbox 58 3270 127 3352; x_wconf 79' lang='grc' dir='ltr'><strong>ἁκρι</strong></span> <span class='ocrx_word' id='word_1_292' title='bbox 153 3273 166 3285; x_wconf 86' lang='grc'><strong>”</strong></span> <span class='ocrx_word' id='word_1_293' title='bbox 202 3278 354 3329; x_wconf 87' lang='lat' dir='ltr'><strong>servatam</strong></span> <span class='ocrx_word' id='word_1_294' title='bbox 377 3286 446 3329; x_wconf 90' lang='lat' dir='ltr'><strong>esse</strong></span> <span class='ocrx_word' id='word_1_295' title='bbox 466 3282 538 3328; x_wconf 89' lang='lat' dir='ltr'><strong>tum</strong></span> <span class='ocrx_word' id='word_1_296' title='bbox 556 3264 708 3351; x_wconf 90' lang='lat' dir='ltr'><strong>temporis</strong></span> <span class='ocrx_word' id='word_1_297' title='bbox 725 3265 788 3328; x_wconf 92' lang='lat' dir='ltr'><strong>sive</strong></span> <span class='ocrx_word' id='word_1_298' title='bbox 806 3264 1019 3346; x_wconf 90' lang='lat' dir='ltr'><strong>sacerdotum,</strong></span> <span class='ocrx_word' id='word_1_299' title='bbox 1034 3269 1100 3335; x_wconf 89' lang='lat' dir='ltr'><strong>sive</strong></span> 
     </span>
     <span class='ocr_line' id='line_1_36' title="bbox 61 3349 1099 3436; baseline 0.004 -21"><span class='ocrx_word' id='word_1_300' title='bbox 61 3349 327 3430; x_wconf 87' lang='lat' dir='ltr'><strong>Reehabitarum,</strong></span> <span class='ocrx_word' id='word_1_301' title='bbox 340 3350 477 3436; x_wconf 91' lang='lat' dir='ltr'><strong>primam</strong></span> <span class='ocrx_word' id='word_1_302' title='bbox 493 3349 768 3429; x_wconf 90' lang='lat' dir='ltr'><strong>constitutionem,</strong></span> <span class='ocrx_word' id='word_1_303' title='bbox 782 3351 919 3414; x_wconf 88' lang='lat' dir='ltr'><strong>maxime</strong></span> <span class='ocrx_word' id='word_1_304' title='bbox 932 3351 973 3415; x_wconf 91' lang='lat' dir='ltr'><strong>ad</strong></span> <span class='ocrx_word' id='word_1_305' title='bbox 995 3375 1099 3418; x_wconf 88' lang='lat' dir='ltr'><strong>sacer-</strong></span> 
     </span>
    </p>
   </div>
   <div class='ocr_carea' id='block_1_3' title="bbox 59 3433 1101 3585">
    <p class='ocr_par' dir='ltr' id='par_1_3' title="bbox 59 3433 1101 3585">
     <span class='ocr_line' id='line_1_37' title="bbox 59 3433 1101 3585; baseline 0.003 -85"><span class='ocrx_word' id='word_1_306' title='bbox 59 3434 156 3501; x_wconf 89' lang='lat' dir='ltr'><strong>dotes</strong></span> <span class='ocrx_word' id='word_1_307' title='bbox 167 3434 258 3522; x_wconf 92' lang='lat' dir='ltr'><strong>quod</strong></span> <span class='ocrx_word' id='word_1_308' title='bbox 272 3435 396 3515; x_wconf 87' lang='lat' dir='ltr'><strong>attinet,</strong></span> <span class='ocrx_word' id='word_1_309' title='bbox 408 3435 485 3584; x_wconf 59' lang='lat' dir='ltr'><strong>puip</strong></span> <span class='ocrx_word' id='word_1_310' title='bbox 515 3520 523 3534; x_wconf 89' lang='lat'><strong>.</strong></span> <span class='ocrx_word' id='word_1_311' title='bbox 541 3457 617 3499; x_wconf 90' lang='lat' dir='ltr'><strong>eum</strong></span> <span class='ocrx_word' id='word_1_312' title='bbox 632 3435 672 3498; x_wconf 87' lang='lat' dir='ltr'><strong>ab</strong></span> <span class='ocrx_word' id='word_1_313' title='bbox 688 3433 828 3498; x_wconf 89' lang='lat' dir='ltr'><strong>Herodis</strong></span> <span class='ocrx_word' id='word_1_314' title='bbox 844 3436 959 3585; x_wconf 52' lang='lat' dir='ltr'><strong>Maffni</strong></span> <span class='ocrx_word' id='word_1_315' title='bbox 974 3451 1101 3526; x_wconf 90' lang='lat' dir='ltr'><strong>tempo·</strong></span> 
     </span>
    </p>
   </div>
   <div class='ocr_carea' id='block_1_4' title="bbox 56 3519 1106 4290">
    <p class='ocr_par' dir='ltr' id='par_1_4' title="bbox 56 3519 1106 4290">
     <span class='ocr_line' id='line_1_38' title="bbox 59 3519 1100 3607; baseline 0.004 -21"><span class='ocrx_word' id='word_1_316' title='bbox 59 3520 153 3588; x_wconf 82' lang='lat' dir='ltr'><strong>ribus</strong></span> <span class='ocrx_word' id='word_1_317' title='bbox 168 3542 271 3607; x_wconf 89' lang='lat' dir='ltr'><strong>usque</strong></span> <span class='ocrx_word' id='word_1_318' title='bbox 286 3519 326 3585; x_wconf 93' lang='lat' dir='ltr'><strong>ad</strong></span> <span class='ocrx_word' id='word_1_319' title='bbox 340 3521 396 3585; x_wconf 94' lang='lat' dir='ltr'><strong>illa</strong></span> <span class='ocrx_word' id='word_1_320' title='bbox 432 3542 490 3585; x_wconf 90' lang='lat' dir='ltr'><strong>aco</strong></span> <span class='ocrx_word' id='word_1_321' title='bbox 515 3519 745 3585; x_wconf 87' lang='lat' dir='ltr'><strong>rsacerdotum</strong></span> <span class='ocrx_word' id='word_1_322' title='bbox 761 3519 897 3584; x_wconf 90' lang='lat' dir='ltr'><strong>officiaa</strong></span> <span class='ocrx_word' id='word_1_323' title='bbox 934 3523 1100 3590; x_wconf 90' lang='lat' dir='ltr'><strong>arbitrium</strong></span> 
     </span>
     <span class='ocr_line' id='line_1_39' title="bbox 59 3603 1101 3693; baseline 0.004 -21"><span class='ocrx_word' id='word_1_324' title='bbox 59 3628 180 3693; x_wconf 76' lang='lat' dir='ltr'><strong>regum</strong></span> <span class='ocrx_word' id='word_1_325' title='bbox 195 3621 229 3670; x_wconf 89' lang='lat' dir='ltr'><strong>et</strong></span> <span class='ocrx_word' id='word_1_326' title='bbox 241 3606 467 3692; x_wconf 87' lang='lat' dir='ltr'><strong>praefectorum</strong></span> <span class='ocrx_word' id='word_1_327' title='bbox 481 3603 594 3670; x_wconf 89' lang='lat' dir='ltr'><strong>donari</strong></span> <span class='ocrx_word' id='word_1_328' title='bbox 608 3605 855 3670; x_wconf 90' lang='lat' dir='ltr'><strong>consuevissent.</strong></span> <span class='ocrx_word' id='word_1_329' title='bbox 886 3607 941 3670; x_wconf 87' lang='lat' dir='ltr'><strong>An</strong></span> <span class='ocrx_word' id='word_1_330' title='bbox 952 3630 1025 3674; x_wconf 91' lang='lat' dir='ltr'><strong>vero</strong></span> <span class='ocrx_word' id='word_1_331' title='bbox 1037 3609 1101 3677; x_wconf 92' lang='lat' dir='ltr'><strong>hu·</strong></span> 
     </span>
     <span class='ocr_line' id='line_1_40' title="bbox 56 3690 1101 3780; baseline 0.006 -24"><span class='ocrx_word' id='word_1_332' title='bbox 56 3690 208 3780; x_wconf 88' lang='lat' dir='ltr'><strong>jusmodi</strong></span> <span class='ocrx_word' id='word_1_333' title='bbox 229 3690 308 3777; x_wconf 94' lang='lat' dir='ltr'><strong>quid</strong></span> <span class='ocrx_word' id='word_1_334' title='bbox 329 3691 418 3755; x_wconf 92' lang='lat' dir='ltr'><strong>nullo</strong></span> <span class='ocrx_word' id='word_1_335' title='bbox 440 3690 622 3756; x_wconf 89' lang='lat' dir='ltr'><strong>discrimine</strong></span> <span class='ocrx_word' id='word_1_336' title='bbox 645 3690 757 3755; x_wconf 89' lang='lat' dir='ltr'><strong>habito</strong></span> <span class='ocrx_word' id='word_1_337' title='bbox 778 3691 902 3776; x_wconf 84' lang='lat' dir='ltr'><strong>generis</strong></span> <span class='ocrx_word' id='word_1_338' title='bbox 918 3693 1101 3762; x_wconf 91' lang='lat' dir='ltr'><strong>tribuumve</strong></span> 
     </span>
     <span class='ocr_line' id='line_1_41' title="bbox 61 3774 1102 3862; baseline 0.004 -19"><span class='ocrx_word' id='word_1_339' title='bbox 61 3777 188 3843; x_wconf 83' lang='lat' dir='ltr'><strong>factum</strong></span> <span class='ocrx_word' id='word_1_340' title='bbox 209 3776 319 3855; x_wconf 89' lang='lat' dir='ltr'><strong>fuerit,</strong></span> <span class='ocrx_word' id='word_1_341' title='bbox 339 3774 453 3841; x_wconf 90' lang='lat' dir='ltr'><strong>viderit</strong></span> <span class='ocrx_word' id='word_1_342' title='bbox 473 3775 538 3841; x_wconf 91' lang='lat' dir='ltr'><strong>ille.</strong></span> <span class='ocrx_word' id='word_1_343' title='bbox 582 3776 670 3850; x_wconf 86' lang='lat' dir='ltr'><strong>Mihi</strong></span> <span class='ocrx_word' id='word_1_344' title='bbox 691 3776 820 3862; x_wconf 90' lang='lat' dir='ltr'><strong>quidem</strong></span> <span class='ocrx_word' id='word_1_345' title='bbox 842 3776 983 3843; x_wconf 77' lang='lat' dir='ltr'><strong>fabulam</strong></span> <span class='ocrx_word' id='word_1_346' title='bbox 1007 3781 1102 3848; x_wconf 86' lang='lat' dir='ltr'><strong>nimis</strong></span> 
     </span>
     <span class='ocr_line' id='line_1_42' title="bbox 61 3860 1101 3949; baseline 0.004 -22"><span class='ocrx_word' id='word_1_347' title='bbox 61 3860 295 3949; x_wconf 79' lang='lat' dir='ltr'><strong>sapereisthoc</strong></span> <span class='ocrx_word' id='word_1_348' title='bbox 315 3860 355 3926; x_wconf 92' lang='lat' dir='ltr'><strong>de</strong></span> <span class='ocrx_word' id='word_1_349' title='bbox 374 3861 431 3925; x_wconf 89' lang='lat' dir='ltr'><strong>stir</strong></span> <span class='ocrx_word' id='word_1_350' title='bbox 487 3861 544 3926; x_wconf 88' lang='lat' dir='ltr'><strong>viri</strong></span> <span class='ocrx_word' id='word_1_351' title='bbox 558 3860 694 3925; x_wconf 87' lang='lat' dir='ltr'><strong>videtur.</strong></span> <span class='ocrx_word' id='word_1_352' title='bbox 739 3860 901 3927; x_wconf 78' lang='lat' dir='ltr'><strong>Caeterum</strong></span> <span class='ocrx_word' id='word_1_353' title='bbox 914 3885 975 3948; x_wconf 91' lang='lat' dir='ltr'><strong>pro</strong></span> <span class='ocrx_word' id='word_1_354' title='bbox 988 3867 1039 3929; x_wconf 76' lang='lat' dir='ltr'><strong>&#39;Pa</strong></span> <span class='ocrx_word' id='word_1_355' title='bbox 1065 3896 1101 3932; x_wconf 79' lang='lat' dir='ltr'><strong>a·</strong></span> 
     </span>
     <span class='ocr_line' id='line_1_43' title="bbox 62 3943 1103 4033; baseline 0.006 -22"><span class='ocrx_word' id='word_1_356' title='bbox 62 3944 130 4030; x_wconf 62' lang='lat' dir='ltr'><strong>&amp;sip</strong></span> <span class='ocrx_word' id='word_1_357' title='bbox 143 3947 211 4033; x_wconf 84' lang='lat' dir='ltr'><strong>legi</strong></span> <span class='ocrx_word' id='word_1_358' title='bbox 225 3946 257 4010; x_wconf 92' lang='lat' dir='ltr'><strong>in</strong></span> <span class='ocrx_word' id='word_1_359' title='bbox 272 3947 416 4013; x_wconf 71' lang='lat' dir='ltr'><strong>Genaua</strong></span> <span class='ocrx_word' id='word_1_360' title='bbox 439 3994 446 4011; x_wconf 91' lang='lat'><strong>.</strong></span> <span class='ocrx_word' id='word_1_361' title='bbox 463 3943 614 4031; x_wconf 69' lang='grc' dir='ltr'>Χαραὸεὶμ</span> <span class='ocrx_word' id='word_1_362' title='bbox 628 3944 937 4027; x_wconf 65' lang='grc' dir='ltr'><strong>ηοϊανίῑὸϊτοῐὴίιιε,</strong></span> <span class='ocrx_word' id='word_1_363' title='bbox 949 3964 982 4014; x_wconf 91' lang='lat' dir='ltr'><strong>et</strong></span> <span class='ocrx_word' id='word_1_364' title='bbox 996 3950 1041 4016; x_wconf 92' lang='lat' dir='ltr'><strong>ita</strong></span> <span class='ocrx_word' id='word_1_365' title='bbox 1068 3975 1103 4016; x_wconf 91' lang='lat' dir='ltr'><strong>e·</strong></span> 
     </span>
     <span class='ocr_line' id='line_1_44' title="bbox 60 4030 1102 4119; baseline 0.003 -21"><span class='ocrx_word' id='word_1_366' title='bbox 60 4033 151 4119; x_wconf 76' lang='lat' dir='ltr'><strong>gisae</strong></span> <span class='ocrx_word' id='word_1_367' title='bbox 166 4054 296 4119; x_wconf 90' lang='lat' dir='ltr'><strong>quoquc</strong></span> <span class='ocrx_word' id='word_1_368' title='bbox 310 4031 408 4097; x_wconf 86' lang='lat' dir='ltr'><strong>videri</strong></span> <span class='ocrx_word' id='word_1_369' title='bbox 426 4030 472 4096; x_wconf 90' lang='lat' dir='ltr'><strong>ait</strong></span> <span class='ocrx_word' id='word_1_370' title='bbox 490 4030 702 4117; x_wconf 85' lang='lat' dir='ltr'><strong>Stephanum,</strong></span> <span class='ocrx_word' id='word_1_371' title='bbox 717 4054 899 4119; x_wconf 86' lang='lat' dir='ltr'><strong>quanquam</strong></span> <span class='ocrx_word' id='word_1_372' title='bbox 914 4034 1000 4098; x_wconf 91' lang='lat' dir='ltr'><strong>enim</strong></span> <span class='ocrx_word' id='word_1_373' title='bbox 1020 4037 1102 4101; x_wconf 84' lang='lat' dir='ltr'><strong>alte·</strong></span> 
     </span>
     <span class='ocr_line' id='line_1_45' title="bbox 63 4115 1102 4207; baseline 0.004 -25"><span class='ocrx_word' id='word_1_374' title='bbox 63 4141 134 4183; x_wconf 88' lang='lat' dir='ltr'><strong>ram</strong></span> <span class='ocrx_word' id='word_1_375' title='bbox 155 4117 329 4183; x_wconf 90' lang='lat' dir='ltr'><strong>lectionem</strong></span> <span class='ocrx_word' id='word_1_376' title='bbox 348 4117 381 4180; x_wconf 93' lang='lat' dir='ltr'><strong>in</strong></span> <span class='ocrx_word' id='word_1_377' title='bbox 401 4130 491 4182; x_wconf 84' lang='lat' dir='ltr'><strong>textu</strong></span> <span class='ocrx_word' id='word_1_378' title='bbox 505 4139 565 4181; x_wconf 89' lang='lat' dir='ltr'><strong>suo</strong></span> <span class='ocrx_word' id='word_1_379' title='bbox 580 4115 740 4196; x_wconf 85' lang='lat' dir='ltr'><strong>exhibeat,</strong></span> <span class='ocrx_word' id='word_1_380' title='bbox 755 4130 862 4182; x_wconf 90' lang='lat' dir='ltr'><strong>tamen</strong></span> <span class='ocrx_word' id='word_1_381' title='bbox 879 4120 1013 4184; x_wconf 90' lang='lat' dir='ltr'><strong>eandem</strong></span> <span class='ocrx_word' id='word_1_382' title='bbox 1029 4143 1102 4207; x_wconf 79' lang='lat' dir='ltr'><strong>quae</strong></span> 
     </span>
     <span class='ocr_line' id='line_1_46' title="bbox 62 4201 1106 4290; baseline 0.003 -21"><span class='ocrx_word' id='word_1_383' title='bbox 62 4215 232 4290; x_wconf 87' lang='lat' dir='ltr'><strong>comparet</strong></span> <span class='ocrx_word' id='word_1_384' title='bbox 257 4202 291 4269; x_wconf 88' lang='lat' dir='ltr'><strong>iu</strong></span> <span class='ocrx_word' id='word_1_385' title='bbox 316 4214 418 4280; x_wconf 88' lang='lat' dir='ltr'><strong>textu,</strong></span> <span class='ocrx_word' id='word_1_386' title='bbox 438 4203 472 4269; x_wconf 90' lang='lat' dir='ltr'><strong>in</strong></span> <span class='ocrx_word' id='word_1_387' title='bbox 492 4201 599 4271; x_wconf 86' lang='lat' dir='ltr'><strong>Variis</strong></span> <span class='ocrx_word' id='word_1_388' title='bbox 618 4202 827 4275; x_wconf 87' lang='lat' dir='ltr'><strong>Lectionibus</strong></span> <span class='ocrx_word' id='word_1_389' title='bbox 848 4204 948 4271; x_wconf 90' lang='lat' dir='ltr'><strong>MSS.</strong></span> <span class='ocrx_word' id='word_1_390' title='bbox 970 4227 1106 4281; x_wconf 81' lang='lat' dir='ltr'><strong>suorum</strong></span> 
     </span>
    </p>
   </div>
   <div class='ocr_carea' id='block_1_5' title="bbox 0 0 1364 4748">
    <p class='ocr_par' dir='ltr' id='par_1_5' title="bbox 0 0 1364 4748">
     <span class='ocr_line' id='line_1_47' title="bbox 0 0 1364 4748; baseline 0 0"><span class='ocrx_word' id='word_1_391' title='bbox 0 0 1364 4748; x_wconf 95' lang='lat' dir='ltr'><strong> </strong></span> 
     </span>
    </p>
   </div>
  </div>
 </body>
</html>
