2716 4748
258 311 312 380 m
332 310 570 379 usensrru
592 310 891 379 succursum.
1028 330 1093 400 ns

68 528 72 537 ·
100 481 295 560 P.199.l.4.
315 489 457 562 μίχριπῦι
468 486 528 542 'tire
540 485 632 560 misus
645 481 791 563 teipsum]
807 481 891 546 Hoec
907 479 949 545 de
969 480 1095 546 Hiero·

164 586 259 633 orum
281 565 426 629 Ecclesia
448 564 629 649 specialiter
649 563 772 628 dixerat
787 565 1007 650 Hegesippus,
1020 584 1094 631 eam

93 649 101 664 '
116 650 180 715 icet
191 671 296 736 usque
307 649 349 714 ad
363 663 503 713 mortem
522 648 703 735 Symeonis,
718 648 751 713 id
765 663 826 727 est,
840 670 943 736 usque
957 649 998 714 ad
1013 651 1094 715 Tra·

56 733 66 749 '
112 733 120 748 '
145 747 302 820 tempora,
327 733 482 817 virginem
506 732 628 797 dictam
654 754 734 796 esse.
780 734 891 798 Verba
913 733 1097 833 Hegesippi

180 818 263 883 infui
284 819 319 883 in
337 817 395 881 lib.
410 818 451 882 ir.
470 839 542 902 cap.
556 832 606 880 22.
643 816 782 881 Videtur
804 832 913 883 autem
936 818 1097 884 Eusebius

55 902 120 971 toti
132 903 285 967 Ecclesiae
301 901 461 979 tribuisse,
474 902 506 965 id
522 901 611 986 quod
626 900 667 964 de
682 902 776 965 unica
791 903 1095 988 Hierosolymorum
1127 972 1130 979 ,

54 984 203 1053 Ecclesia
215 986 339 1052 dictum
352 985 513 1049 fueruat>
526 986 728 1071 Hegesippo.
767 987 866 1050 Porro
881 1000 948 1050 tam
964 986 1099 1051 Eosebii
1181 1041 1186 1051 t

56 1090 156 1156 quum
176 1069 361 1155 Hegesippi
382 1071 479 1134 verba
499 1070 640 1154 benigne
660 1069 869 1156 intelligendu
884 1084 970 1135 sunt.
1015 1071 1099 1134 Cer·

55 1166 128 1225 ‚tum
141 1166 192 1218 est
205 1155 290 1219 enisu
305 1154 480 1219 Ecclesiam
499 1154 704 1218 Catholicam
727 1175 852 1240 semper
872 1155 939 1220 inte
1035 1167 1098 1219 at„

79 1260 124 1305 ne
137 1237 359 1303 intemeratam
374 1258 568 1322 permanere,
582 1251 617 1303 et
628 1239 810 1303 castitatem
820 1240 892 1325 ejus
906 1262 927 1304 n
975 1238 1098 1304 omodo

55 1260 283 1387 &hereticis
308 1343 403 1407 posse
428 1323 601 1405 corrumpi.
646 1323 803 1387 Haeretici
827 1322 960 1409 quidem
985 1334 1099 1408 utpote
1141 1368 1147 1377 -

55 1426 211 1492 procaces
229 1421 263 1471 et
283 1406 402 1491 impuri
419 1420 517 1491 atque
536 1405 674 1470 adulteri
692 1407 843 1485 veritatis,
861 1429 933 1471 eam
951 1428 1097 1472 corrum-

55 1511 137 1575 pere
149 1503 317 1557 conantur.
353 1492 477 1554 Verrun
497 1490 552 1553 illa
571 1489 666 1553 fidem
682 1513 775 1554 susm
791 1491 924 1555 Christo
937 1492 1099 1575 integrant

56 1594 198 1652 servans,
211 1574 349 1639 nefarios
363 1594 477 1639 eorum
492 1586 627 1637 conatus
642 1572 784 1658 depellit.
827 1577 941 1661 ltaque
956 1573 1100 1639 haeretici
1162 1620 1164 1627 -

57 1658 180 1725 similes
191 1657 436 1743 quodammodo
447 1670 521 1721 sunt
534 1657 649 1735 lxioni,
661 1659 716 1743 qui
727 1679 803 1723 cum
814 1660 834 1723 J
836 1659 936 1722 uuoni
951 1671 1100 1743 stuprum

56 1741 177 1811 inferre
189 1743 352 1819 voluisset,
363 1742 479 1805 umbra
492 1741 562 1805 e'us
575 1741 706 1805 delmus
719 1756 780 1805 est.
794 1744 858 1806 lta
871 1739 1101 1827 intelligendus

58 1840 111 1895 est
122 1827 313 1893 Terutllinni
326 1827 418 1892 locus
432 1825 465 1921 in
482 1763 539 1891 lii.
555 1825 596 1889 de
609 1826 848 1921 praescriptione
863 1827 1101 1891 haereticorum.

61 1910 150 1997 Quid
160 1933 232 1997 erge
246 1911 348 1975 dicent
362 1910 417 1995 qui
437 1909 528 1973 cllum
545 1920 757 1993 stupraverint
772 1909 925 1974 adulterio
943 1910 1101 1989 haeretico,

59 1994 216 2083 virginem
234 1995 385 2059 traditam
402 2017 423 2058 α
444 1993 592 2093 Clusius?
621 1995 719 2058 Porro
739 1994 773 2103 in
795 1995 963 2102 codicibus
984 1994 1101 2059 nostris

59 2078 579 2246 lltsltltftlttlllll
592 2078 732 2247 {litut
743 2079 1103 2247 inimisit?

59 2249 271 2313 Vsnnsrus.
355 2260 457 2311 estem
483 2247 561 2310 citat
587 2247 752 2310 Strothius
780 2267 839 2331 pro
865 2246 954 2329 ἔμενεν
982 2245 1102 2310 Codicis

63 2330 172 2401 Vener.
181 2331 285 2395 Iseclt.
294 2332 412 2429 quibus
421 2330 504 2395 adde
516 2329 589 2395 cod.
601 2330 700 2394 Sutrii.
710 2352 767 2393 seu
781 2330 871 2407 Bodl.
896 2332 1017 2395 Utrum
1028 2350 1104 2399 vero

58 2414 274 2500 intelligenda
289 2429 332 2480 srt
345 2437 492 2479 unt-versa
505 2414 652 2492 ccclesia,
665 2436 706 2477 an
724 2412 765 2477 de
783 2415 851 2479 sols
864 2414 1103 2500 Hierosolymi-

60 2498 349 2584 tamipssillnHe
392 2498 477 2583 sippi
485 2499 591 2576 verba,
602 2521 675 2584 quae
684 2499 717 2561 in
728 2501 874 2584 proxima
882 2501 954 2584 ῥήσει
966 2499 1105 2564 affetum

59 2588 129 2663 tur,
141 2583 338 2668 interpretas
394 2582 566 2659 sint,.inter
578 2581 725 2646 eruditos
746 2605 811 2646 non
831 2583 991 2647 convenit.
1027 2585 1104 2647 Per·

62 2667 228 2735 tinereea
252 2667 293 2731 ad
309 2667 492 2731 universam
515 2667 682 2731 ecclesiam
708 2688 741 2730 m
787 2667 813 2730 is
839 2687 903 2752 ego
925 2667 1103 2752 putaverim
1170 2744 1173 2750 Ι

63 2763 198 2838 propter
212 2752 308 2824 verba
326 2751 503 2837 sequentia,
517 2751 564 2817 ita
580 2764 687 2815 tamen
707 2763 745 2814 ut
801 2751 1002 2837 ierosolymae
1015 2751 1105 2815 illam

64 2833 334 2903 seuPalmstinam
344 2848 458 2899 auctor
467 2835 628 2919 praecipue
641 2835 839 2920 spectaverit,
848 2837 902 2898 cui
910 2835 1040 2921 quidem
1051 2854 1106 2899 ec·

64 2918 432 3004 clesiseseopponcbant
442 2919 586 2983 haeretici
596 2919 642 2982 ibi
653 2920 741 3004 prius
755 2921 1013 2983 commemorati.
1029 2920 1107 2984 Alia

64 3015 176 3069 amem
190 3004 331 3068 exoritur
345 3002 397 3067 bic
413 3002 560 3087 quaestio,
573 3002 614 3066 de
650 3003 745 3068 uibus
760 3005 961 3088 temporibus
976 3006 1107 3068 locotus

65 3088 165 3157 tuerit
177 3087 410 3172 Hegesippus,
430 3109 507 3151 cum
528 3086 585 3165 ait,
605 3026 790 3151 Tirebutem
817 3088 977 3172 quendam
999 3087 1105 3151 eccles

65 3171 148 3239 uem
159 3170 269 3239 adhuc.
283 3192 397 3256 puram
415 3171 503 3235 novis
518 3171 670 3256 vanisque
688 3171 892 3255 opinionibus
912 3172 1020 3236 vitiare
1037 3191 1108 3235 esse

66 3276 269 3341 aggressum.
312 3253 367 3318 Ad
384 3253 513 3339 Trajani
534 3254 666 3354 quidem
681 3268 829 3338 tempora
843 3255 1019 3318 demortuis
1035 3254 1108 3341 jem

148 3338 224 3407 tulis
238 3339 302 3403 hoc
317 3339 426 3403 retulit
440 3339 610 3416 Eusebius,
623 3361 764 3423 quocum
777 3339 937 3403 consentit
948 3338 1109 3413 Valesius,

99 3422 187 3511 'ique
196 3423 253 3489 viri
267 3421 395 3500 eruditi,
405 3423 461 3506 qui
472 3423 504 3487 in
516 3423 698 3507 Hegesippi
709 3423 783 3486 loco
795 3444 870 3485 cum
884 3423 1015 3487 veritate
1029 3445 1109 3487 con·

68 3505 208 3572 ciliando
221 3506 351 3590 ingenia
367 3520 538 3579 torserunt.
582 3509 629 3569 At
650 3527 723 3568 vero
739 3507 765 3570 si
781 3507 959 3584 Simonem,
974 3507 1109 3573 Cleobi-

69 3613 138 3669 um,
152 3590 309 3675 aliosque,
322 3590 405 3653 inter
420 3589 589 3654 hereticos
603 3590 702 3656 fuisse
716 3590 877 3655 censuerit
891 3592 1110 3677 Hegesippus,

69 3674 124 3760 qui
134 3674 292 3739 unitatem
303 3672 447 3743 ecclesiae
458 3673 663 3751 Christianae,
674 3696 737 3739 non
747 3674 903 3753 Judaicae,
914 3675 1111 3753 disciderint,

69 3774 160 3825 certo
174 3757 293 3825 certius
307 3770 366 3833 est,
382 3779 457 3821 eum
472 3772 613 3842 putasse,
628 3757 823 3835 Thebutem‚
837 3760 894 3843 qui
909 3759 983 3845 ipso
997 3761 1111 3844 Hege-

71 3843 96 3909 εἰ
121 3863 167 3941 po
189 3855 335 3905 narrante
357 3842 479 3925 primus
500 3842 652 3926 inceperit
673 3843 840 3907 ecclesiam
860 3856 935 3927 post
954 3859 1110 3929 negatum

71 3864 133 3991 uir
145 3925 368 4011 episcopatum
389 3947 606 4010 corrumpere,
621 3926 677 3989 diu
697 3941 771 3990 ante
791 3926 918 4012 Trajaui
939 3927 1111 4012 imperium

72 4010 105 4075 id
130 4010 255 4075 facinus
280 4011 464 4094 patravisse,
489 4010 641 4095 quoniam
665 4011 817 4088 Simonis,
842 4011 937 4096 primi
964 4011 1111 4075 omnium

73 4094 298 4165 baereticorum
315 4095 413 4178 vulgo
427 4095 517 4179 dicti,
532 4110 786 4179 caeterorumque
805 4095 1013 4159 sectariorum
1029 4094 1111 4157 anti·

72 4179 232 4267 quitatem
247 4178 334 4243 idem
358 4177 562 4263 Hegesippus
579 4178 699 4243 nescire
722 4201 786 4243 non
805 4180 921 4265 potuit.
940 4223 942 4228 -
968 4179 1112 4243 Forsitan
