2716 4748
408 264 462 333 m
490 262 633 339 rarus
661 263 956 333 masuerum.
1148 288 1192 355 ,η

157 434 298 527 qnando
312 434 394 504 nova'
406 437 550 524 superior
564 435 774 513 Hierusalem,
788 449 826 500 ut
846 437 877 500 in
896 436 979 500 libro
999 438 1049 500 est
1062 435 1193 522 Apoca-

160 523 281 612 dypsis,
295 523 328 589 in
350 544 461 587 novam
483 535 597 587 terram
618 520 816 587 descenderit
827 545 837 600 3
859 521 905 586 ita
926 535 1102 608 exponente
1124 520 1192 586 lr'e-

162 630 241 677 -uteo
255 611 286 677 in
302 608 405 694 eapite
418 607 589 692 superiore.
791 630 794 635 ⁴

212 696 249 759 P.
261 695 401 759 10.l.25.
416 691 562 779 διατριὲῇς]
579 693 629 756 Ita
640 690 823 755 Feuardent.
847 690 972 771 (Irenaei
982 691 1069 776 prior
1078 691 1193 771 editor,

157 779 225 865 qni
244 779 313 843 brec
328 779 442 842 Graeca
460 779 587 842 aJoan.
606 776 753 840 Curterio
767 789 878 841 nactus
893 779 971 856 erat)
987 789 1021 840 et
1034 777 1111 841 MS.
1125 778 1193 841 Ba·

168 880 246 928 νοω.
260 864 341 947 (seii.
352 862 541 947 Appendices
558 862 677 948 Qaaest.
688 861 850 925 Anastasii
865 861 897 925 in
912 860 1116 945 Scriptorum)
1134 883 1193 926 nec

169 971 233 1012 uon
258 949 418 1013 Gretsenrs
435 947 608 1031 (Anmtosii
629 946 744 1028 editor)
763 947 796 1010 in
815 946 971 1033 margine,
985 947 1043 1011 sed
1057 948 1091 1010 in
1104 960 1194 1014 textu

168 1033 328 1107 πολιτείας.
364 1034 538 1096 Granius
554 1032 596 1096 ad
610 1033 775 1095 Irenceum.

204 1118 296 1201 ‚Ibid.
311 1119 333 1182 l.
346 1131 396 1194 27.
417 1118 530 1205 τρυφῆς]
554 1119 604 1181 Ita
618 1117 715 1181 habet
731 1115 805 1180 Coa.
819 1116 946 1180 Beroen.
961 1128 994 1180 et
1006 1115 1080 1181 edit.
1098 1117 1193 1182 Gret·

157 1200 240 1267 seri.
286 1202 350 1268 Sed
374 1201 507 1266 Feuard.
530 1201 617 1266 haud
640 1217 726 1266 reete
753 1207 863 1299 τςοφῆς.
915 1201 1078 1265 Caeterum
1101 1203 1194 1267 deest

169 1288 339 1375 utrobique
353 1287 442 1374 quod
456 1287 642 1372 respondeat
656 1286 805 1350 adverbio
821 1297 896 1350 tate.
919 1287 1192 1367 Genusus,ibid.

210 1373 295 1437 Ibid.
317 1373 339 1438 1.
351 1387 400 1436 28.
423 1379 447 1435 oi
467 1373 693 1456 δὶ-ωανταχὲ]
718 1371 813 1435 Plura
833 1371 885 1435 hie
907 1371 1137 1439 interseruntur
1158 1373 1193 1437 in

168 1456 330 1523 Anastasii
342 1457 440 1522 codd.
452 1457 568 1544 quibus
590 1457 669 1521 nihil
689 1457 723 1519 in
743 1457 839 1521 veteri
860 1457 972 1520 Irenaei
986 1458 1127 1522 versione
1140 1480 1192 1523 re-

169 1541 325 1628 spondete
346 1544 392 1608 sio
406 1543 491 1606 enim
505 1556 612 1607 totum
627 1542 711 1606 hunc
726 1540 833 1606 locum
845 1544 1044 1627 exprimunt:
1066 1549 1090 1605 oi
1103 1544 1130 1605 δὲ
1144 1547 1193 1621 τὴν

167 1628 254 1712 ὶγίαν
262 1634 316 1712 γῆν
329 1630 376 1692 καὶ
390 1633 439 1706 τὴν
452 1627 636 1716 λαμπρότητα
648 1633 695 1703 τῆς
708 1626 820 1699 πόλεως
832 1628 968 1703 nubiferi
983 1627 1032 1690 σὺν
1044 1633 1122 1691 πᾶσι
1136 1632 1193 1703 τοῖς

168 1715 237 1861 {sepi
257 1716 341 1862 offis
359 1717 490 1798 ἀγαθοῖς,
512 1717 545 1774 ir
570 1709 766 1861 Ιορηγουμένως
785 1714 835 1774 ὑπὸ
856 1717 905 1774 τοῦ
926 1716 1010 1776 Θεοῦ·
1037 1721 1192 1798 πανταχοῦ

220 1845 251 1863 ..
306 1818 533 1863 assuerusa
586 1821 650 1862 ren.

210 1882 296 1948 Ibid.
313 1883 337 1947 l.
349 1897 400 1947 31.
421 1882 536 1970 Σωτὴρ]
552 1883 650 1968 Legit
662 1895 723 1946 ret.
740 1884 859 1968 Interp.
874 1880 957 1956 Θεὸς.
993 1882 1193 1949 Massust'.

168 1965 245 2032 idid.
289 1969 341 2033 Ita
364 1989 459 2055 agere
484 1968 524 2032 de
550 1967 680 2032 Christo
702 1965 875 2052 Origenem
900 1967 934 2031 in
958 1969 1194 2033 commentariis

125 2128 128 2132 .
168 2074 265 2140 super
285 2053 457 2139 Evangelia
478 2052 686 2139 pluribusque
707 2053 857 2138 operibus
871 2053 935 2116 suis
950 2053 1031 2117 bene
1050 2053 1195 2133 memini,

165 2150 320 2225 tanquam
332 2139 360 2203 si
373 2137 454 2203 alius
467 2152 562 2225 atque
577 2137 716 2202 diversus
727 2159 750 2203 a
762 2137 907 2201 fidelibus
919 2151 1106 2223 conspectus
1119 2139 1194 2203 Do-

166 2225 274 2288 minus
288 2223 385 2288 fuerit
403 2244 463 2309 pro
481 2222 604 2288 meritis
619 2244 730 2288 eorum
745 2237 843 2309 atque
855 2223 1014 2309 profectu,
1027 2223 1194 2308 ingeniose

165 2309 261 2375 nimis
274 2330 364 2373 more
377 2329 436 2373 suo
448 2307 665 2373 disserentem.

210 2395 246 2459 P.
265 2409 311 2459 11.
328 2394 351 2458 l.
361 2409 391 2458 2.
412 2395 526 2478 ταύτην]
545 2396 584 2458 ln
602 2393 740 2459 Gretseri
753 2393 828 2458 edit.
843 2406 876 2457 et
889 2392 966 2459 MS.
980 2392 1109 2461 Beroea.
1120 2395 1194 2459 ταῦ-

154 2504 226 2558 m.
263 2477 540 2557 Gssstus,ilrid.

154 2592 160 2601 ·
209 2564 294 2630 Ibid.
308 2563 331 2628 l.
343 2578 373 2628 3.
394 2573 448 2627 τῶν
468 2569 507 2628 τὰ
527 2562 624 2628 imis
643 2565 715 2650 δια]
734 2562 802 2627 Alii
822 2562 914 2629 aliter
934 2562 1020 2628 hunc
1041 2564 1196 2650 evangelii

165 2647 276 2714 locum
304 2664 477 2735 exponunt,
505 2671 578 2713 nam
608 2644 786 2736 Cyprianus
814 2648 957 2713 fructum
983 2650 1194 2716 centesimum

167 2734 373 2884 temet
385 2734 1195 2886 asserentetererestereres·

151 2905 232 2970 ·Ast
244 2926 398 2991 quorsum
412 2842 662 2992 haeeqobjectioi
684 2907 803 2989 Neque
816 2906 901 2968 enim
921 2905 963 2970 ad
982 2905 1195 2987 millennium,

168 2990 225 3054 sed
238 2990 280 3054 ad
295 2989 430 3054 diversas
445 2991 589 3077 inaltera
602 2990 665 3054 vita
677 2989 857 3053 mansiones
876 2990 1055 3076 probandas
1073 2991 1134 3055 ista
1144 2992 1195 3056 af·

152 3076 240 3154 -fert,
266 3089 325 3140 aut
349 3095 389 3140 ex
415 3075 586 3140 traditione
620 3074 878 3161 presbyterorum
911 3075 1015 3140 refert.
1043 3076 1193 3142 Irenaeus.

151 3159 581 3225 Gasarusadlrenoeum.
1131 3198 1135 3203 -

211 3245 297 3309 ibid.
310 3244 375 3308 l.5.
397 3246 573 3330 sexaginta]
591 3245 642 3311 Ita
654 3244 844 3308 auctoritate
856 3245 1094 3329 evangeliorum
1105 3246 1195 3312 Mat·

162 3329 258 3408 thari,
272 3350 396 3395 necnon
411 3331 581 3408 Ausetani,
596 3344 692 3416 atque
712 3329 786 3393 cod.
803 3332 898 3396 Voss.
918 3330 1010 3415 posui
1031 3353 1091 3417 pro
1112 3354 1194 3420 qua·

151 3415 226 3481 *dra
252 3415 329 3479 'nta.
344 3416 547 3494 -Gnaarus,
563 3415 636 3479 ibid.

151 3500 168 3549 ·'
212 3500 226 3563 1
253 3499 397 3564 id.l.15.
417 3502 560 3565 Verbum
583 3500 651 3565 e'us
674 3501 721 3565 ait
744 3500 817 3586 bre]
843 3500 890 3564 Ni
912 3500 1017 3579 fallor,
1040 3502 1195 3588 respicere

152 3580 293 3650 mittetur
308 3585 447 3650 lrenaeus
465 3586 506 3649 ad
520 3524 697 3671 paradolas,
710 3586 759 3651 vel
797 3587 915 3671 uinque
930 3585 1133 3666 talentorum,
1146 3590 1196 3654 vel

162 3669 281 3734 decem
303 3670 458 3734 minarum
470 3693 480 3749 ;
503 3672 551 3734 sin
574 3672 689 3750 minus,
705 3671 745 3735 ad
766 3609 897 3757 diiquod
918 3670 1040 3735 Christi
1059 3672 1195 3755 dictum,

164 3755 258 3840 quod
278 3774 318 3818 ex
341 3756 611 3841 presbyterorum,
626 3779 707 3842 quos
726 3778 803 3820 mox
817 3757 904 3832 citat,
919 3755 1087 3820 traditione
1101 3779 1195 3824 acce·

167 3839 262 3924 perit.
293 3840 491 3920 Maesone.
534 3843 573 3905 ln
594 3842 654 3904 hae
667 3842 843 3926 posteriore
856 3842 1014 3906 sententia
1025 3843 1195 3910 Massueto

166 3924 310 3989 Grabius
336 3925 509 4011 praeiverat,
528 3925 615 3990 haud
634 3927 775 4073 probato
797 3925 1018 4005 Feuardentio,
1037 3927 1093 4074 qui
1106 3928 1195 3994 Mat.

152 4023 281 4074 .xx.2³.
303 4010 621 4088 et·verisimiliter,ni
1062 4014 1195 4078 ocoillo

165 4093 215 4157 sie
227 4115 265 4162 se
276 4094 426 4174 habente,
436 4097 470 4158 τὸ
482 4096 510 4158 δὲ
524 4094 641 4174 καθίσας
656 4097 688 4161 δα
701 4096 792 4175 beffiae
804 4120 846 4179 με
859 4096 881 4181 ig
895 4099 925 4172 ἐξ
941 4095 1078 4178 εὐωνύμων
1090 4123 1144 4180 με,
1157 4102 1195 4162 ἐκ

153 4177 224 4251 4ἴςια
238 4182 305 4267 qaia
315 4181 404 4265 irim,
417 4182 487 4258 ἀλλ’
502 4181 539 4256 015
553 4186 702 4266 ἡτοίμαςαι
715 4183 828 4265 brissi
841 4180 951 4269 πατςός
963 4207 1028 4262 μου..
1059 4182 1111 4269 De
1124 4183 1196 4267 qui·

647 4010 737 4090 allor,
748 4011 868 4074 dixerat
883 4011 1035 4095 spectari;
