2716 4748
466 418 469 434 Ι
508 303 745 385 parles,
1115 317 1138 381 6

107 497 132 526 “
145 489 237 555 Paris,
256 488 339 550 1750.
354 488 429 561 ito.)
445 498 477 545 ut
489 491 609 568 proinde
624 492 675 551 riri
689 489 870 548 eruditissimi
889 497 966 544 recte
981 487 1137 566 conjecisse
1228 556 1231 563 Ι

108 604 132 634 “
147 596 357 662 existimentur,
378 594 480 670 (Mem.
500 595 534 652 de
554 595 689 653 Trevoux
707 593 859 657 Decembr.
882 592 966 653 1750.
985 593 1048 649 Art.
1063 591 1134 664 clii.)

109 707 133 736 ¹‘
147 699 223 776 qnod
236 699 388 755 Trithemii
402 718 514 775 qnoque
528 709 622 767 aetate,
637 710 669 756 nt
683 703 803 779 ipsemet
820 702 936 755 innuere
952 697 1062 762 videtur
1077 696 1139 772 (De

110 812 132 837 “
147 803 284 880 Scriptor.
301 803 381 860 Eecl.
396 823 457 881 cap.
473 805 523 875 ix.)
547 803 650 860 saeeulo
671 805 803 860 nimirum
825 821 875 860 xv,
897 811 1018 858 exeunte
1038 802 1137 865 eadent

110 915 132 941 “
146 909 273 964 extitisse
287 909 444 984 potuerint,
456 907 523 964 licet
536 909 644 965 Canens
659 918 688 965 et
701 909 847 966 Fabricius
861 908 1025 983 neutiquam
1039 907 1067 968 id
1081 908 1136 966 sibl

110 1019 132 1045 “
145 1013 360 1089 persuadeant.”
386 1012 433 1071 Ita
446 1014 488 1067 vir
502 1011 536 1068 cl.
552 1032 612 1090 cap.
624 1034 651 1069 x.
666 1033 693 1090 p.
706 1012 752 1074 67.
780 1011 846 1089 Ipsa
860 1021 954 1068 antem
969 1010 1055 1069 verba
1068 1031 1135 1069 anc-

108 1117 179 1171 toris
202 1119 345 1177 inventarii
366 1116 519 1192 supradicti
542 1135 635 1173 rernm
658 1118 688 1172 in
712 1119 839 1172 sacristia
863 1116 987 1174 eodesiae
1007 1115 1136 1184 Numan*t

109 1220 210 1286 sensis,
228 1239 263 1275 ex
280 1220 421 1277 Menardo
439 1220 524 1277 nobis
542 1220 641 1277 retulit
654 1219 823 1278 clarissimus
837 1221 950 1278 Keilins
964 1224 994 1279 in
1008 1221 1136 1288 auctario

69 1357 70 1360 ¹
110 1323 273 1383 Fabricium
286 1325 414 1381 Bibliotd.
433 1326 517 1382 Graec.
532 1325 567 1381 ad
581 1344 608 1401 p.
624 1327 688 1383 153.
703 1327 830 1383 tomvii.
846 1327 887 1383 ed.
907 1346 988 1384 nova
1007 1326 1136 1384 Harlesii·

110 1446 189 1484 anae:
220 1435 241 1462 “
253 1429 324 1492 item
342 1432 430 1486 inveni
449 1432 477 1485 in
492 1431 745 1498 oleastro-librum
760 1433 866 1506 Papio,
886 1433 983 1496 librum
1003 1434 1036 1489 da
1053 1433 1139 1496 nodis

112 1539 134 1570 “
147 1533 287 1591 Domini.'’
328 1533 413 1600 Rem,
429 1535 452 1589 si
472 1533 565 1590 nullus
579 1553 657 1592 error
669 1535 736 1590 hnic
750 1537 906 1591 narrationi
922 1537 1006 1603 inest,
1021 1535 1137 1598 notabi-

109 1634 180 1696 lem!
220 1635 334 1693 Interea
358 1637 433 1693 idem
456 1638 528 1694 liber
548 1638 669 1695 fortasse
692 1640 889 1716 interpretatio
910 1649 1021 1696 tantum
1043 1639 1136 1718 operis

109 1737 216 1796 Latina
228 1740 294 1808 fnit,
306 1739 389 1816 quale
403 1752 446 1798 est
456 1742 552 1820 Papia
563 1743 754 1818 fragmentum
768 1742 837 1799 illnd
848 1743 882 1811 de
897 1744 1003 1806 Christi
1016 1743 1136 1810 Domini

109 1846 240 1918 cognatis
257 1845 287 1900 in
306 1848 395 1902 veteri
413 1847 511 1905 codice
529 1867 547 1904 a
562 1845 670 1904 Grabio
689 1848 843 1906 inventum.
885 1847 1055 1926 Hieronymi
1068 1866 1136 1909 vero

109 1947 284 2025 temporibus
298 1950 425 2015 nondum
441 1969 512 2032 opus
532 1950 638 2012 Latine
656 1951 799 2019 extiterat,
816 1959 847 2010 ut
864 1949 950 2010 verba
969 1950 1030 2032 ejus
1052 1970 1137 2035 supra

108 2051 205 2135 posita
217 2052 380 2120 ostendunt,
