2716 4748
315 292 534 364 SENIORES
556 284 684 362 APUD
708 283 950 364 IRENAEUM.
1099 314 1147 387 45

36 492 39 497 ·
112 466 241 561 jndicio
266 478 518 536 resurreeturam
543 490 619 535 cum
644 468 912 539 eorumnatione
934 452 991 557 qui
1015 464 1153 536 audimus
1256 520 1262 545 r

116 600 282 646 oermones
296 578 378 670 ejus,
394 592 428 645 et
447 601 512 644 non
531 579 669 645 crodunt
687 580 721 644 in
743 600 828 661 eum,
843 591 878 645 et
896 564 1152 667 adjudicatorum

117 710 197 755 eos:
218 691 370 778 quoniam
391 691 446 757 illa
466 690 597 778 quidem
611 674 757 778 subjeeta
776 702 828 755 eat
848 688 1041 755 annuntiatae
1065 687 1152 776 sapi-

119 798 216 865 entiae
228 808 426 886 per'servum
440 800 524 880 Dei3
539 800 573 864 hi
587 821 661 867 vero
673 823 746 867 eam
760 822 866 888 quaes
880 799 962 864 Filio
973 799 1038 864 Dei
1052 796 1153 863 daba-
1180 866 1182 873 ,

89 923 174 976 atur
186 914 450 998 contempserunt
463 912 660 999 sapientiam.
684 911 838 977 Salomon
851 911 937 976 eni'm
949 914 1057 977 sertus
1070 918 1156 992 erata

120 1017 271 1084 Christrrs
289 1040 366 1085 vero
387 1019 486 1085 Filius
505 1021 582 1102 Dei,
597 1035 631 1087 et
651 1021 813 1088 Dominus
831 1019 1022 1085 Salomonis.
1067 1019 1157 1085 Cum

120 1129 222 1218 igitur
235 1131 304 1197 sine
314 1133 435 1198 offensa
449 1134 579 1200 serviret
595 1134 682 1215 Deo,
692 1147 726 1200 et
736 1132 929 1199 ministraret
943 1112 1157 1220 dispensatio·

121 1245 217 1310 nibus
229 1244 312 1333 ejus,
324 1257 401 1311 tunc
415 1246 672 1333 glorificabatur:
693 1267 768 1311 cum
784 1257 893 1310 autem
907 1264 1030 1339 uxores
1039 1240 1159 1328 accipi-

122 1355 200 1420 ebat
211 1354 253 1420 ab
265 1355 417 1420 universis
428 1356 593 1443 gentibus,
607 1369 640 1420 et
654 1355 860 1448 permittebat
875 1354 922 1419 eis
935 1354 1058 1441 erigere
1070 1351 1160 1420 idola

73 1464 158 1530 loin
180 1464 290 1545 Israel,
312 1464 393 1531 dixit
414 1465 578 1553 Scriptura
600 1465 640 1530 de
660 1487 718 1531 eos
740 1465 817 1529 hEt
839 1465 907 1530 Rex
928 1462 1072 1530 Salomon
1091 1475 1160 1530 erat

124 1583 247 1639 emmor
262 1572 443 1653 mulierum,
461 1585 493 1639 et
514 1573 631 1660 accepit
651 1573 710 1638 sili
731 1572 875 1638 mulieres
894 1571 1084 1660 alienigenos
1094 1597 1109 1652 ,0
1129 1582 1161 1637 et

113 1683 246 1772 foetum
257 1696 302 1750 est
313 1684 347 1751 in
359 1696 493 1771 tempore
507 1683 669 1750 seruatoris
682 1683 866 1763 Solomonis,
875 1704 935 1747 uon
950 1692 1016 1747 erut
1031 1704 1082 1747 sor
1095 1681 1162 1768 ejus

120 1782 297 1880 perfeetum
311 1814 382 1859 oum
395 1793 530 1859 Domino
545 1794 614 1858 Deo
628 1815 693 1858 suo.
736 1792 785 1857 Et
807 1790 999 1857 diverterunt
1017 1789 1164 1857 mulieres

124 1882 319 1990 alienigenie
339 1916 389 1967 cor
412 1903 479 1988 ejus
500 1913 571 1988 post
592 1902 678 1967 Deos
698 1900 824 1967 alimus.
859 1902 907 1967 Et
917 1901 1003 1989 fecit
1018 1899 1165 1968 Salomon

79 2008 304 2098 tomuliguum
318 2011 352 2076 ia
365 2023 524 2098 compecto
538 2010 696 2077 Dominis
715 2034 777 2077 nou
798 2010 876 2077 obiit
895 2023 967 2098 post
980 2011 1165 2093 Dominum,

115 2121 386 2211 ,queamdmodum
401 2121 512 2189 David
520 2135 614 2211 poter
627 2123 704 2210 ejus.
726 2123 774 2188 Et
788 2123 889 2188 iratus
902 2133 949 2188 est
962 2120 1119 2188 Dominus
1132 2120 1168 2186 iu

128 2228 348 2297 Salomonem:
370 2255 433 2296 mou
449 2232 532 2298 enim
552 2242 621 2297 erut
643 2255 694 2297 cor
714 2232 780 2318 ejus
797 2231 972 2319 perfectum
995 2232 1030 2296 iu
1049 2212 1167 2296 ¹Domi·

125 2362 181 2420 πο,
194 2342 360 2407 seeundum
375 2364 426 2407 cor
440 2342 548 2407 Dauid
563 2341 668 2428 patris
687 2344 762 2428 qius.
807 2340 1006 2406 Sufficienter
1024 2340 1169 2429 increpa·

127 2450 176 2516 vit
197 2470 273 2516 eum
296 2450 471 2538 Scriptura,
495 2461 563 2516 sicut
580 2457 647 2512 dixit
662 2462 842 2525 Passurus,
864 2461 900 2515 ut
920 2471 986 2515 11011
1010 2449 1170 2537 glorietur

68 2560 277 2630 'aouniversa
292 2582 368 2626 caro
381 2562 415 2626 in
430 2572 606 2647 conspectu
619 2558 765 2625 Domini.

173 2686 204 2737 2.
226 2673 271 2736 Et
284 2683 416 2760 propter
435 2671 499 2737 hoe
519 2670 718 2736 iDominum
733 2670 766 2734 in
781 2690 820 2734 ea
834 2690 907 2756 quae
922 2680 997 2735 sunt
1010 2668 1071 2734 sub
1085 2679 1173 2737 tem

130 2777 348 2861 descendisse,
353 2779 628 2866 ‘evangelizantem
640 2791 674 2844 et
685 2778 749 2842 iliis
759 2778 929 2844 adventum
942 2800 1048 2858 suum,
1057 2777 1171 2842 remis·

131 2886 224 2952 sione
238 2900 445 2975 peecatorum
457 2887 627 2953 exsistente
641 2886 691 2950 his
707 2886 763 2974 qui
777 2886 912 2952 credunt
925 2886 958 2950 in
972 2907 1060 2952 eum.
1091 2884 1173 2951 Cre·

131 2997 286 3063 diderunt
308 3011 417 3063 autem
442 2998 475 3062 in
498 3019 573 3062 eum
594 3018 707 3061 omnes
729 2996 785 3084 qui
806 2998 975 3084 sperabant
989 2997 1021 3061 in
1036 3017 1124 3077 eum,
1137 2995 1174 3062 id

78 3132 122 3184 25
132 3123 194 3187 est,
207 3108 265 3196 qui
280 3108 451 3174 adventum
465 3107 535 3195 ejus
549 3107 849 3194 manumissorum,
864 3121 898 3173 et
911 3108 1175 3195 dispositionibus

134 3220 206 3308 ejus
219 3219 406 3298 servierunt,
417 3216 510 3305 justi,
524 3230 558 3282 et
574 3215 756 3303 Propheta,
772 3231 806 3283 et
822 3218 1031 3282 Patriarchae:
1055 3217 1189 3305 quibus¹

135 3328 284 3393 similiter
308 3340 345 3392 ut
365 3326 458 3392 nobis
480 3326 603 3392 remisit
624 3341 766 3413 peecata,
785 3350 857 3416 quae
879 3351 943 3392 non
965 3340 1096 3416 oportet
1116 3351 1177 3395 noa

137 3439 300 3526 imputare
327 3437 390 3516 his,
417 3437 641 3523 siquominus
668 3438 903 3504 contemnimus
932 3440 1071 3526 gratiam
1098 3440 1178 3508 Dei.

137 3545 427 3637 Quemadmodum
448 3546 534 3612 enim
557 3545 604 3610 illi
625 3567 691 3610 non
710 3546 913 3632 imputabant
929 3549 1023 3614 nobis
1040 3550 1179 3617 inconti-

80 3659 263 3732 sonantius
276 3671 413 3736 nostras,
424 3679 504 3744 quas
515 3655 638 3742 operati
653 3677 775 3734 sumus,
785 3657 970 3745 priusquam
984 3658 1133 3727 Christus
1144 3660 1181 3729 in

140 3771 235 3836 nobis
257 3769 535 3845 manifestaretur}
559 3765 652 3830 sicet
667 3786 725 3828 nos
740 3787 804 3829 non
819 3779 868 3831 est
878 3767 1007 3854 justum·
1019 3769 1180 3858 imputare

134 3893 216 3946 'ante
228 3879 399 3944 adventurn
416 3876 538 3941 Christi
553 3875 602 3940 bis
616 3875 671 3962 qui
685 3891 907 3961 peccaverunt,
941 3877 958 3924 ¹<
972 3879 1083 3948 Omnes
1097 3885 1182 3951 enim

142 3987 278 4055 dominas
291 3997 383 4076 egent
395 3984 501 4074 glorio
513 3983 587 4062 Dei,
597 3983 815 4072 justificantur
828 4000 937 4053 autem
952 4011 1016 4054 non
1029 4013 1050 4057 a
1063 4008 1180 4061 semet·

176 4214 441 4289 aaaegssxidaeqq·
506 4218 694 4288 lephaamo·
723 4224 884 4281 lPet.iii·19·
949 4227 1148 4285 haemulus.
