<?xml version="1.0" encoding="UTF-8"?>
<!DOCTYPE html PUBLIC "-//W3C//DTD XHTML 1.0 Transitional//EN"
    "http://www.w3.org/TR/xhtml1/DTD/xhtml1-transitional.dtd">
<html xmlns="http://www.w3.org/1999/xhtml" xml:lang="en" lang="en">
 <head>
  <title>
</title>
<meta http-equiv="Content-Type" content="text/html;charset=utf-8" />
  <meta name='ocr-system' content='tesseract 3.04.00' />
  <meta name='ocr-capabilities' content='ocr_page ocr_carea ocr_par ocr_line ocrx_word'/>
</head>
<body>
  <div class='ocr_page' id='page_1' title='image "./reliquiaesacrae00routgoog_0272.png"; bbox 0 0 2716 4748; ppageno 0'>
   <div class='ocr_carea' id='block_1_1' title="bbox 163 308 863 402">
    <p class='ocr_par' dir='ltr' id='par_1_1' title="bbox 163 308 863 402">
     <span class='ocr_line' id='line_1_1' title="bbox 163 308 863 402; baseline -0.004 -20"><span class='ocrx_word' id='word_1_1' title='bbox 163 314 228 402; x_wconf 73' lang='lat'>236</span> <span class='ocrx_word' id='word_1_2' title='bbox 501 308 863 379; x_wconf 79' lang='lat' dir='ltr'>ANNOTATIONss</span> 
     </span>
    </p>
   </div>
   <div class='ocr_carea' id='block_1_2' title="bbox 119 476 1202 2095">
    <p class='ocr_par' dir='ltr' id='par_1_2' title="bbox 119 476 1202 713">
     <span class='ocr_line' id='line_1_2' title="bbox 160 476 1202 573; baseline 0.007 -28"><span class='ocrx_word' id='word_1_3' title='bbox 160 476 384 565; x_wconf 60' lang='grc' dir='ltr'>οὗτος-ἴοιμι.</span> <span class='ocrx_word' id='word_1_4' title='bbox 407 478 527 543; x_wconf 87' lang='lat' dir='ltr'>“Tota</span> <span class='ocrx_word' id='word_1_5' title='bbox 543 479 614 543; x_wconf 87' lang='lat' dir='ltr'>haec</span> <span class='ocrx_word' id='word_1_6' title='bbox 633 480 783 567; x_wconf 83' lang='lat' dir='ltr'>pericope</span> <span class='ocrx_word' id='word_1_7' title='bbox 804 500 843 544; x_wconf 90' lang='lat' dir='ltr'>us</span> <span class='ocrx_word' id='word_1_8' title='bbox 866 496 912 546; x_wconf 78' lang='lat' dir='ltr'>uc</span> <span class='ocrx_word' id='word_1_9' title='bbox 928 479 971 547; x_wconf 81' lang='lat' dir='ltr'>sd</span> <span class='ocrx_word' id='word_1_10' title='bbox 990 481 1087 549; x_wconf 85' lang='lat' dir='ltr'>linem</span> <span class='ocrx_word' id='word_1_11' title='bbox 1108 483 1202 573; x_wconf 80' lang='lat' dir='ltr'>hujus</span> 
     </span>
     <span class='ocr_line' id='line_1_3' title="bbox 119 500 1201 713; baseline 0.007 -85"><span class='ocrx_word' id='word_1_12' title='bbox 119 582 124 589; x_wconf 87' lang='lat'>·</span> <span class='ocrx_word' id='word_1_13' title='bbox 159 563 312 713; x_wconf 50' lang='lat' dir='ltr'>:pappus</span> <span class='ocrx_word' id='word_1_14' title='bbox 332 562 667 713; x_wconf 45' lang='lat' dir='ltr'>depshirpincuodiceaibus</span> <span class='ocrx_word' id='word_1_15' title='bbox 690 565 807 711; x_wconf 64' lang='lat' dir='ltr'>noptrio</span> <span class='ocrx_word' id='word_1_16' title='bbox 831 500 925 713; x_wconf 60' lang='lat' dir='ltr'>lllpee.</span> <span class='ocrx_word' id='word_1_17' title='bbox 947 566 1049 669; x_wconf 82' lang='lat' dir='ltr'>Med.</span> <span class='ocrx_word' id='word_1_18' title='bbox 1064 581 1100 634; x_wconf 87' lang='lat' dir='ltr'>et</span> <span class='ocrx_word' id='word_1_19' title='bbox 1121 570 1201 669; x_wconf 75' lang='lat' dir='ltr'>Ful.</span> 
     </span>
     <span class='ocr_line' id='line_1_4' title="bbox 442 671 987 711; baseline 0 0"><span class='ocrx_word' id='word_1_20' title='bbox 442 671 463 711; x_wconf 92' lang='lat' dir='ltr'>u</span> <span class='ocrx_word' id='word_1_21' title='bbox 530 671 545 711; x_wconf 84' lang='lat' dir='ltr'>s</span> <span class='ocrx_word' id='word_1_22' title='bbox 605 671 638 711; x_wconf 90' lang='lat' dir='ltr'>rn</span> <span class='ocrx_word' id='word_1_23' title='bbox 968 672 987 711; x_wconf 83' lang='lat' dir='ltr'><strong>v</strong></span> 
     </span>
    </p>

    <p class='ocr_par' dir='ltr' id='par_1_3' title="bbox 157 660 1202 1576">
     <span class='ocr_line' id='line_1_5' title="bbox 160 660 1202 830; baseline 0.007 -34"><span class='ocrx_word' id='word_1_24' title='bbox 160 738 186 773; x_wconf 89' lang='lat'>“</span> <span class='ocrx_word' id='word_1_25' title='bbox 200 668 371 817; x_wconf 55' lang='lat' dir='ltr'>appapeepu</span> <span class='ocrx_word' id='word_1_26' title='bbox 384 732 437 795; x_wconf 89' lang='lat' dir='ltr'>Ac</span> <span class='ocrx_word' id='word_1_27' title='bbox 461 731 541 795; x_wconf 88' lang='lat' dir='ltr'>mihi</span> <span class='ocrx_word' id='word_1_28' title='bbox 564 660 946 830; x_wconf 58' lang='lat' dir='ltr'>quidellignridcelttlrrutotd1</span> <span class='ocrx_word' id='word_1_29' title='bbox 966 670 1202 803; x_wconf 45' lang='lat' dir='ltr'>hlerdlblssudjul:</span> 
     </span>
     <span class='ocr_line' id='line_1_6' title="bbox 159 816 1201 905; baseline 0.007 -26"><span class='ocrx_word' id='word_1_30' title='bbox 159 821 185 856; x_wconf 86' lang='lat'>“</span> <span class='ocrx_word' id='word_1_31' title='bbox 198 816 307 901; x_wconf 81' lang='lat' dir='ltr'>spuria</span> <span class='ocrx_word' id='word_1_32' title='bbox 319 836 389 881; x_wconf 89' lang='lat' dir='ltr'>esse</span> <span class='ocrx_word' id='word_1_33' title='bbox 402 838 441 879; x_wconf 81' lang='lat' dir='ltr'>sc</span> <span class='ocrx_word' id='word_1_34' title='bbox 455 816 668 901; x_wconf 75' lang='lat' dir='ltr'>supposititia.</span> <span class='ocrx_word' id='word_1_35' title='bbox 713 817 838 881; x_wconf 84' lang='lat' dir='ltr'>Putavit</span> <span class='ocrx_word' id='word_1_36' title='bbox 852 817 940 893; x_wconf 77' lang='lat' dir='ltr'>euim</span> <span class='ocrx_word' id='word_1_37' title='bbox 956 818 1105 905; x_wconf 83' lang='lat' dir='ltr'>quisquis</span> <span class='ocrx_word' id='word_1_38' title='bbox 1124 820 1201 887; x_wconf 81' lang='lat' dir='ltr'>hauc</span> 
     </span>
     <span class='ocr_line' id='line_1_7' title="bbox 159 899 1200 988; baseline 0.006 -23"><span class='ocrx_word' id='word_1_39' title='bbox 159 906 184 943; x_wconf 78' lang='lat'>‘¹</span> <span class='ocrx_word' id='word_1_40' title='bbox 197 899 333 979; x_wconf 74' lang='lat' dir='ltr'>eddidit,</span> <span class='ocrx_word' id='word_1_41' title='bbox 348 922 387 964; x_wconf 83' lang='lat' dir='ltr'>ea</span> <span class='ocrx_word' id='word_1_42' title='bbox 400 922 473 985; x_wconf 88' lang='lat' dir='ltr'>quae</span> <span class='ocrx_word' id='word_1_43' title='bbox 486 900 674 984; x_wconf 69' lang='lat' dir='ltr'>precedunt</span> <span class='ocrx_word' id='word_1_44' title='bbox 686 902 783 964; x_wconf 88' lang='lat' dir='ltr'>verba</span> <span class='ocrx_word' id='word_1_45' title='bbox 803 916 885 965; x_wconf 85' lang='lat' dir='ltr'>esse¹</span> <span class='ocrx_word' id='word_1_46' title='bbox 899 902 1107 988; x_wconf 82' lang='lat' dir='ltr'>Hegeaippit</span> <span class='ocrx_word' id='word_1_47' title='bbox 1129 926 1200 971; x_wconf 76' lang='lat' dir='ltr'>cum</span> 
     </span>
     <span class='ocr_line' id='line_1_8' title="bbox 158 984 1201 1095; baseline 0.004 -46"><span class='ocrx_word' id='word_1_48' title='bbox 158 989 184 1025; x_wconf 88' lang='lat'><strong><em>“</em></strong></span> <span class='ocrx_word' id='word_1_49' title='bbox 197 996 306 1049; x_wconf 89' lang='lat' dir='ltr'>tamen</span> <span class='ocrx_word' id='word_1_50' title='bbox 326 1006 390 1049; x_wconf 88' lang='lat' dir='ltr'>non</span> <span class='ocrx_word' id='word_1_51' title='bbox 410 984 475 1047; x_wconf 88' lang='lat' dir='ltr'>sint</span> <span class='ocrx_word' id='word_1_52' title='bbox 494 985 547 1047; x_wconf 94' lang='lat' dir='ltr'>He</span> <span class='ocrx_word' id='word_1_53' title='bbox 571 984 685 1095; x_wconf 85' lang='lat' dir='ltr'>esippi,</span> <span class='ocrx_word' id='word_1_54' title='bbox 700 984 756 1048; x_wconf 87' lang='lat' dir='ltr'>sed</span> <span class='ocrx_word' id='word_1_55' title='bbox 776 985 881 1071; x_wconf 78' lang='lat' dir='ltr'>ipsius</span> <span class='ocrx_word' id='word_1_56' title='bbox 895 985 1040 1065; x_wconf 86' lang='lat' dir='ltr'>Eusebii,</span> <span class='ocrx_word' id='word_1_57' title='bbox 1054 1000 1093 1051; x_wconf 94' lang='lat' dir='ltr'>ut</span> <span class='ocrx_word' id='word_1_58' title='bbox 1108 988 1201 1053; x_wconf 79' lang='lat' dir='ltr'>dinei·</span> 
     </span>
     <span class='ocr_line' id='line_1_9' title="bbox 159 1005 1200 1166; baseline 0.008 -35"><span class='ocrx_word' id='word_1_59' title='bbox 159 1074 184 1109; x_wconf 89' lang='lat'>“</span> <span class='ocrx_word' id='word_1_60' title='bbox 198 1090 321 1133; x_wconf 80' lang='lat' dir='ltr'>murex</span> <span class='ocrx_word' id='word_1_61' title='bbox 330 1069 518 1165; x_wconf 63' lang='lat' dir='ltr'>capitexrrii.</span> <span class='ocrx_word' id='word_1_62' title='bbox 530 1005 586 1132; x_wconf 65' lang='lat' dir='ltr'>lib.</span> <span class='ocrx_word' id='word_1_63' title='bbox 595 1070 639 1131; x_wconf 86' lang='lat'>4.’</span> <span class='ocrx_word' id='word_1_64' title='bbox 673 1069 773 1166; x_wconf 66' lang='lat' dir='ltr'>Quod</span> <span class='ocrx_word' id='word_1_65' title='bbox 785 1070 898 1159; x_wconf 79' lang='lat' dir='ltr'>stetim</span> <span class='ocrx_word' id='word_1_66' title='bbox 911 1071 1147 1156; x_wconf 84' lang='lat' dir='ltr'>postpositum</span> <span class='ocrx_word' id='word_1_67' title='bbox 1157 1088 1200 1139; x_wconf 81' lang='lat' dir='ltr'>ost</span> 
     </span>
     <span class='ocr_line' id='line_1_10' title="bbox 159 1148 1199 1237; baseline 0.002 -18"><span class='ocrx_word' id='word_1_68' title='bbox 159 1148 209 1219; x_wconf 75' lang='lat' dir='ltr'>fra</span> <span class='ocrx_word' id='word_1_69' title='bbox 268 1165 381 1217; x_wconf 90' lang='lat' dir='ltr'>enturn</span> <span class='ocrx_word' id='word_1_70' title='bbox 406 1151 556 1237; x_wconf 75' lang='lat' dir='ltr'>designat</span> <span class='ocrx_word' id='word_1_71' title='bbox 576 1152 737 1217; x_wconf 80' lang='lat' dir='ltr'>Valesius.</span> <span class='ocrx_word' id='word_1_72' title='bbox 779 1154 886 1219; x_wconf 76' lang='lat' dir='ltr'>Deest</span> <span class='ocrx_word' id='word_1_73' title='bbox 908 1167 1020 1218; x_wconf 89' lang='lat' dir='ltr'>autem</span> <span class='ocrx_word' id='word_1_74' title='bbox 1048 1155 1082 1219; x_wconf 87' lang='lat' dir='ltr'>in</span> <span class='ocrx_word' id='word_1_75' title='bbox 1110 1156 1199 1221; x_wconf 80' lang='lat' dir='ltr'>Codrl.</span> 
     </span>
     <span class='ocr_line' id='line_1_11' title="bbox 159 1234 1199 1334; baseline 0.005 -34"><span class='ocrx_word' id='word_1_76' title='bbox 159 1234 208 1301; x_wconf 90' lang='lat' dir='ltr'>Bo</span> <span class='ocrx_word' id='word_1_77' title='bbox 232 1235 254 1299; x_wconf 86' lang='lat' dir='ltr'>l.</span> <span class='ocrx_word' id='word_1_78' title='bbox 269 1250 304 1300; x_wconf 89' lang='lat' dir='ltr'>et</span> <span class='ocrx_word' id='word_1_79' title='bbox 318 1235 458 1334; x_wconf 58' lang='lat' dir='ltr'>Nogfolc.</span> <span class='ocrx_word' id='word_1_80' title='bbox 480 1236 630 1323; x_wconf 82' lang='lat' dir='ltr'>pericope</span> <span class='ocrx_word' id='word_1_81' title='bbox 650 1236 692 1300; x_wconf 91' lang='lat' dir='ltr'>de</span> <span class='ocrx_word' id='word_1_82' title='bbox 713 1259 779 1323; x_wconf 87' lang='lat' dir='ltr'>qua</span> <span class='ocrx_word' id='word_1_83' title='bbox 798 1238 919 1323; x_wconf 80' lang='lat' dir='ltr'>agitur.</span> <span class='ocrx_word' id='word_1_84' title='bbox 965 1238 1067 1303; x_wconf 86' lang='lat' dir='ltr'>Porro</span> <span class='ocrx_word' id='word_1_85' title='bbox 1081 1238 1199 1305; x_wconf 82' lang='lat' dir='ltr'>Valerii</span> 
     </span>
     <span class='ocr_line' id='line_1_12' title="bbox 158 1320 1200 1407; baseline 0.005 -22"><span class='ocrx_word' id='word_1_86' title='bbox 158 1320 202 1385; x_wconf 89' lang='lat' dir='ltr'>de</span> <span class='ocrx_word' id='word_1_87' title='bbox 214 1321 317 1385; x_wconf 90' lang='lat' dir='ltr'>verbis</span> <span class='ocrx_word' id='word_1_88' title='bbox 331 1321 492 1406; x_wconf 83' lang='lat' dir='ltr'>prroribus</span> <span class='ocrx_word' id='word_1_89' title='bbox 507 1320 694 1385; x_wconf 82' lang='lat' dir='ltr'>sententiam</span> <span class='ocrx_word' id='word_1_90' title='bbox 714 1322 791 1385; x_wconf 86' lang='lat' dir='ltr'>satis</span> <span class='ocrx_word' id='word_1_91' title='bbox 808 1322 883 1407; x_wconf 79' lang='lat' dir='ltr'>ipsa</span> <span class='ocrx_word' id='word_1_92' title='bbox 900 1322 1073 1387; x_wconf 84' lang='lat' dir='ltr'>confirmat</span> <span class='ocrx_word' id='word_1_93' title='bbox 1086 1324 1200 1404; x_wconf 85' lang='lat' dir='ltr'>oratio,</span> 
     </span>
     <span class='ocr_line' id='line_1_13' title="bbox 158 1405 1199 1493; baseline 0.005 -25"><span class='ocrx_word' id='word_1_94' title='bbox 158 1427 233 1491; x_wconf 83' lang='lat' dir='ltr'>quae</span> <span class='ocrx_word' id='word_1_95' title='bbox 254 1405 436 1491; x_wconf 84' lang='lat' dir='ltr'>Hegesippi</span> <span class='ocrx_word' id='word_1_96' title='bbox 457 1427 498 1468; x_wconf 92' lang='lat' dir='ltr'>ne</span> <span class='ocrx_word' id='word_1_97' title='bbox 518 1405 688 1471; x_wconf 89' lang='lat' dir='ltr'>minimum</span> <span class='ocrx_word' id='word_1_98' title='bbox 704 1405 836 1493; x_wconf 90' lang='lat' dir='ltr'>quidem</span> <span class='ocrx_word' id='word_1_99' title='bbox 854 1406 980 1491; x_wconf 82' lang='lat' dir='ltr'>sapiens</span> <span class='ocrx_word' id='word_1_100' title='bbox 995 1406 1125 1487; x_wconf 87' lang='lat' dir='ltr'>stilum,</span> <span class='ocrx_word' id='word_1_101' title='bbox 1137 1410 1199 1473; x_wconf 88' lang='lat' dir='ltr'>Eu·</span> 
     </span>
     <span class='ocr_line' id='line_1_14' title="bbox 157 1488 860 1576; baseline 0.001 -23"><span class='ocrx_word' id='word_1_102' title='bbox 157 1488 283 1561; x_wconf 75' lang='lat' dir='ltr'>cebium</span> <span class='ocrx_word' id='word_1_103' title='bbox 301 1490 437 1576; x_wconf 86' lang='lat' dir='ltr'>prodere</span> <span class='ocrx_word' id='word_1_104' title='bbox 451 1489 585 1554; x_wconf 90' lang='lat' dir='ltr'>videtur.</span> <span class='ocrx_word' id='word_1_105' title='bbox 856 1500 860 1513; x_wconf 87' lang='lat'><strong>&#39;</strong></span> 
     </span>
    </p>

    <p class='ocr_par' dir='ltr' id='par_1_4' title="bbox 148 1572 1202 2095">
     <span class='ocr_line' id='line_1_15' title="bbox 156 1572 1202 1660; baseline 0.004 -23"><span class='ocrx_word' id='word_1_106' title='bbox 156 1604 159 1609; x_wconf 95' lang='lat'>·</span> <span class='ocrx_word' id='word_1_107' title='bbox 204 1575 240 1637; x_wconf 90' lang='lat' dir='ltr'>P.</span> <span class='ocrx_word' id='word_1_108' title='bbox 255 1588 322 1653; x_wconf 85' lang='lat'>199.</span> <span class='ocrx_word' id='word_1_109' title='bbox 342 1574 365 1637; x_wconf 91' lang='lat' dir='ltr'>l.</span> <span class='ocrx_word' id='word_1_110' title='bbox 380 1584 427 1648; x_wconf 89' lang='lat'>17.</span> <span class='ocrx_word' id='word_1_111' title='bbox 449 1575 509 1636; x_wconf 75' lang='lat' dir='ltr'>Kal</span> <span class='ocrx_word' id='word_1_112' title='bbox 529 1575 656 1653; x_wconf 74' lang='lat' dir='ltr'>perciti</span> <span class='ocrx_word' id='word_1_113' title='bbox 676 1578 851 1660; x_wconf 61' lang='grc' dir='ltr'>μαρτυςῆσω</span> <span class='ocrx_word' id='word_1_114' title='bbox 872 1572 1018 1659; x_wconf 52' lang='lat' dir='ltr'>&#39;lucem</span> <span class='ocrx_word' id='word_1_115' title='bbox 1045 1576 1202 1643; x_wconf 79' lang='lat' dir='ltr'>Praemlslt</span> 
     </span>
     <span class='ocr_line' id='line_1_16' title="bbox 157 1655 1200 1746; baseline -0.002 -21"><span class='ocrx_word' id='word_1_116' title='bbox 157 1655 329 1736; x_wconf 73' lang='lat' dir='ltr'>Eusebius,</span> <span class='ocrx_word' id='word_1_117' title='bbox 342 1664 356 1719; x_wconf 79' lang='lat' dir='ltr'>d</span> <span class='ocrx_word' id='word_1_118' title='bbox 371 1659 393 1720; x_wconf 72' lang='grc' dir='ltr'>δ’</span> <span class='ocrx_word' id='word_1_119' title='bbox 406 1661 489 1732; x_wconf 75' lang='grc' dir='ltr'><em>αὐτὸς</em></span> <span class='ocrx_word' id='word_1_120' title='bbox 506 1659 741 1743; x_wconf 81' lang='lat' dir='ltr'>(Hegeslppus)</span> <span class='ocrx_word' id='word_1_121' title='bbox 758 1659 806 1721; x_wconf 74' lang='grc' dir='ltr'>καὶ</span> <span class='ocrx_word' id='word_1_122' title='bbox 820 1660 878 1721; x_wconf 67' lang='grc' dir='ltr'>τῶν</span> <span class='ocrx_word' id='word_1_123' title='bbox 891 1662 955 1721; x_wconf 77' lang='grc' dir='ltr'><strong><em>κατ’</em></strong></span> <span class='ocrx_word' id='word_1_124' title='bbox 969 1661 1055 1722; x_wconf 75' lang='grc' dir='ltr'><strong><em>αὐτὸν</em></strong></span> <span class='ocrx_word' id='word_1_125' title='bbox 1070 1660 1200 1746; x_wconf 66' lang='lat' dir='ltr'>alpium</span> 
     </span>
     <span class='ocr_line' id='line_1_17' title="bbox 148 1742 1199 1840; baseline 0.002 -35"><span class='ocrx_word' id='word_1_126' title='bbox 148 1746 210 1816; x_wconf 63' lang='grc' dir='ltr'>τὰς</span> <span class='ocrx_word' id='word_1_127' title='bbox 231 1745 325 1827; x_wconf 72' lang='grc' dir='ltr'>ἀρχὰς</span> <span class='ocrx_word' id='word_1_128' title='bbox 346 1742 504 1819; x_wconf 61' lang='lat' dir='ltr'>droti-m</span> <span class='ocrx_word' id='word_1_129' title='bbox 523 1745 569 1805; x_wconf 74' lang='lat' dir='ltr'>us</span> <span class='ocrx_word' id='word_1_130' title='bbox 589 1742 692 1805; x_wconf 71' lang='grc' dir='ltr'><em>τότων·</em></span> <span class='ocrx_word' id='word_1_131' title='bbox 718 1745 887 1822; x_wconf 59' lang='lat' dir='ltr'>Kalpas</span> <span class='ocrx_word' id='word_1_132' title='bbox 899 1743 933 1804; x_wconf 83' lang='grc' dir='ltr'>τὸ</span> <span class='ocrx_word' id='word_1_133' title='bbox 949 1750 1129 1840; x_wconf 69' lang='lat' dir='ltr'>papwpioou</span> <span class='ocrx_word' id='word_1_134' title='bbox 1142 1744 1199 1809; x_wconf 76' lang='lat' dir='ltr'>dic.</span> 
     </span>
     <span class='ocr_line' id='line_1_18' title="bbox 158 1825 1199 1913; baseline 0 -20"><span class='ocrx_word' id='word_1_135' title='bbox 158 1825 329 1893; x_wconf 82' lang='lat' dir='ltr'>Hoereseorr</span> <span class='ocrx_word' id='word_1_136' title='bbox 350 1848 470 1913; x_wconf 80' lang='lat' dir='ltr'>qnoque</span> <span class='ocrx_word' id='word_1_137' title='bbox 489 1847 564 1913; x_wconf 82' lang='lat' dir='ltr'>qnae</span> <span class='ocrx_word' id='word_1_138' title='bbox 584 1837 682 1890; x_wconf 81' lang='lat' dir='ltr'>oetote</span> <span class='ocrx_word' id='word_1_139' title='bbox 700 1846 758 1889; x_wconf 77' lang='lat' dir='ltr'>ruo</span> <span class='ocrx_word' id='word_1_140' title='bbox 774 1834 896 1889; x_wconf 70' lang='lat' dir='ltr'>exortae</span> <span class='ocrx_word' id='word_1_141' title='bbox 909 1837 993 1904; x_wconf 84' lang='lat' dir='ltr'>suot,</span> <span class='ocrx_word' id='word_1_142' title='bbox 1007 1826 1105 1891; x_wconf 76' lang='lat' dir='ltr'>inuia</span> <span class='ocrx_word' id='word_1_143' title='bbox 1122 1826 1199 1893; x_wconf 73' lang='lat' dir='ltr'>idem</span> 
     </span>
     <span class='ocr_line' id='line_1_19' title="bbox 157 1908 1198 1996; baseline 0.005 -23"><span class='ocrx_word' id='word_1_144' title='bbox 157 1908 290 1994; x_wconf 75' lang='lat' dir='ltr'>scriptor</span> <span class='ocrx_word' id='word_1_145' title='bbox 304 1909 429 1993; x_wconf 72' lang='lat' dir='ltr'>exponit</span> <span class='ocrx_word' id='word_1_146' title='bbox 443 1910 492 1973; x_wconf 75' lang='lat' dir='ltr'>tis</span> <span class='ocrx_word' id='word_1_147' title='bbox 506 1910 615 1973; x_wconf 82' lang='lat' dir='ltr'>verbis.</span> <span class='ocrx_word' id='word_1_148' title='bbox 647 1908 913 1996; x_wconf 75' lang='lat' dir='ltr'><strong>POSTQUAM,</strong></span> <span class='ocrx_word' id='word_1_149' title='bbox 928 1909 1045 1996; x_wconf 77' lang='lat' dir='ltr'>inquit,</span> <span class='ocrx_word' id='word_1_150' title='bbox 1055 1912 1198 1977; x_wconf 82' lang='lat' dir='ltr'>Jacobus</span> 
     </span>
     <span class='ocr_line' id='line_1_20' title="bbox 159 1992 1198 2095; baseline 0.002 -38"><span class='ocrx_word' id='word_1_151' title='bbox 159 1992 221 2057; x_wconf 79' lang='lat' dir='ltr'>dte.</span> <span class='ocrx_word' id='word_1_152' title='bbox 257 1993 351 2057; x_wconf 85' lang='lat' dir='ltr'>Dixit</span> <span class='ocrx_word' id='word_1_153' title='bbox 365 1994 524 2059; x_wconf 77' lang='lat' dir='ltr'>Eusebius</span> <span class='ocrx_word' id='word_1_154' title='bbox 537 1994 594 2057; x_wconf 92' lang='lat' dir='ltr'>lib.</span> <span class='ocrx_word' id='word_1_155' title='bbox 607 1994 650 2058; x_wconf 90' lang='lat' dir='ltr'>iii.</span> <span class='ocrx_word' id='word_1_156' title='bbox 665 2016 695 2058; x_wconf 92' lang='lat' dir='ltr'>c.</span> <span class='ocrx_word' id='word_1_157' title='bbox 706 2008 757 2058; x_wconf 99' lang='grc'>32.</span> <span class='ocrx_word' id='word_1_158' title='bbox 773 2014 831 2057; x_wconf 86' lang='lat' dir='ltr'>seu</span> <span class='ocrx_word' id='word_1_159' title='bbox 843 2014 944 2078; x_wconf 80' lang='lat' dir='ltr'>supro</span> <span class='ocrx_word' id='word_1_160' title='bbox 955 1994 996 2058; x_wconf 82' lang='lat' dir='ltr'>ad</span> <span class='ocrx_word' id='word_1_161' title='bbox 1009 1992 1111 2080; x_wconf 86' lang='lat' dir='ltr'>hujus</span> <span class='ocrx_word' id='word_1_162' title='bbox 1124 2016 1198 2095; x_wconf 72' lang='lat' dir='ltr'>pag.</span> 
     </span>
    </p>
   </div>
   <div class='ocr_carea' id='block_1_3' title="bbox 47 2077 1198 2167">
    <p class='ocr_par' dir='ltr' id='par_1_5' title="bbox 47 2077 1198 2167">
     <span class='ocr_line' id='line_1_21' title="bbox 47 2077 1198 2167; baseline 0.002 -24"><span class='ocrx_word' id='word_1_163' title='bbox 47 2092 50 2097; x_wconf 90' lang='grc'><strong><em>’</em></strong></span> <span class='ocrx_word' id='word_1_164' title='bbox 155 2077 213 2143; x_wconf 90' lang='lat' dir='ltr'>lin.</span> <span class='ocrx_word' id='word_1_165' title='bbox 224 2090 254 2142; x_wconf 93' lang='grc'>3.</span> <span class='ocrx_word' id='word_1_166' title='bbox 270 2091 443 2162; x_wconf 83' lang='lat' dir='ltr'>postquam</span> <span class='ocrx_word' id='word_1_167' title='bbox 463 2099 504 2142; x_wconf 87' lang='lat' dir='ltr'>ex</span> <span class='ocrx_word' id='word_1_168' title='bbox 524 2078 716 2164; x_wconf 85' lang='lat' dir='ltr'>Hegesippo</span> <span class='ocrx_word' id='word_1_169' title='bbox 731 2077 787 2141; x_wconf 84' lang='lat' dir='ltr'>illa</span> <span class='ocrx_word' id='word_1_170' title='bbox 801 2077 843 2141; x_wconf 91' lang='lat' dir='ltr'>de</span> <span class='ocrx_word' id='word_1_171' title='bbox 857 2078 1029 2164; x_wconf 85' lang='lat' dir='ltr'>Symeonis</span> <span class='ocrx_word' id='word_1_172' title='bbox 1043 2094 1198 2167; x_wconf 81' lang='lat' dir='ltr'>martyno</span> 
     </span>
    </p>
   </div>
   <div class='ocr_carea' id='block_1_4' title="bbox 150 2160 1197 4179">
    <p class='ocr_par' dir='ltr' id='par_1_6' title="bbox 153 2160 1197 2521">
     <span class='ocr_line' id='line_1_22' title="bbox 156 2160 1197 2246; baseline 0.001 -19"><span class='ocrx_word' id='word_1_173' title='bbox 156 2162 321 2240; x_wconf 82' lang='lat' dir='ltr'>retulerat,</span> <span class='ocrx_word' id='word_1_174' title='bbox 339 2163 381 2224; x_wconf 70' lang='lat' dir='ltr'>inl</span> <span class='ocrx_word' id='word_1_175' title='bbox 398 2160 504 2236; x_wconf 74' lang='grc' dir='ltr'><strong><em>τούτοις</em></strong></span> <span class='ocrx_word' id='word_1_176' title='bbox 519 2173 594 2246; x_wconf 79' lang='lat' dir='ltr'>post</span> <span class='ocrx_word' id='word_1_177' title='bbox 614 2162 695 2243; x_wconf 76' lang='lat' dir='ltr'>loec,</span> <span class='ocrx_word' id='word_1_178' title='bbox 716 2175 755 2226; x_wconf 92' lang='lat' dir='ltr'>ut</span> <span class='ocrx_word' id='word_1_179' title='bbox 775 2160 870 2225; x_wconf 88' lang='lat' dir='ltr'>vertit</span> <span class='ocrx_word' id='word_1_180' title='bbox 890 2161 1050 2241; x_wconf 84' lang='lat' dir='ltr'>Valesius,</span> <span class='ocrx_word' id='word_1_181' title='bbox 1072 2182 1197 2229; x_wconf 85' lang='lat' dir='ltr'>narrare</span> 
     </span>
     <span class='ocr_line' id='line_1_23' title="bbox 153 2244 1196 2332; baseline 0.001 -22"><span class='ocrx_word' id='word_1_182' title='bbox 153 2246 296 2310; x_wconf 85' lang='lat' dir='ltr'>eundem</span> <span class='ocrx_word' id='word_1_183' title='bbox 325 2246 562 2332; x_wconf 84' lang='lat' dir='ltr'>Hegesippum,</span> <span class='ocrx_word' id='word_1_184' title='bbox 590 2246 747 2331; x_wconf 83' lang='lat' dir='ltr'>virginem</span> <span class='ocrx_word' id='word_1_185' title='bbox 779 2244 947 2309; x_wconf 78' lang='lat' dir='ltr'>ecclesiam</span> <span class='ocrx_word' id='word_1_186' title='bbox 975 2249 1196 2331; x_wconf 84' lang='lat' dir='ltr'>permansisse.</span> 
     </span>
     <span class='ocr_line' id='line_1_24' title="bbox 154 2329 1196 2417; baseline 0.003 -23"><span class='ocrx_word' id='word_1_187' title='bbox 154 2331 278 2394; x_wconf 92' lang='lat' dir='ltr'>Verum</span> <span class='ocrx_word' id='word_1_188' title='bbox 299 2344 419 2410; x_wconf 88' lang='lat' dir='ltr'>tamen,</span> <span class='ocrx_word' id='word_1_189' title='bbox 437 2353 545 2397; x_wconf 87' lang='lat' dir='ltr'>annon</span> <span class='ocrx_word' id='word_1_190' title='bbox 564 2332 674 2417; x_wconf 90' lang='lat' dir='ltr'>potius</span> <span class='ocrx_word' id='word_1_191' title='bbox 692 2330 764 2394; x_wconf 80' lang='lat' dir='ltr'>lraec</span> <span class='ocrx_word' id='word_1_192' title='bbox 783 2329 931 2394; x_wconf 83' lang='lat' dir='ltr'>debuerit</span> <span class='ocrx_word' id='word_1_193' title='bbox 948 2336 1023 2415; x_wconf 70' lang='grc' dir='ltr'><strong><em>ῥῆσις</em></strong></span> <span class='ocrx_word' id='word_1_194' title='bbox 1045 2331 1137 2397; x_wconf 91' lang='lat' dir='ltr'>illam</span> <span class='ocrx_word' id='word_1_195' title='bbox 1156 2332 1196 2397; x_wconf 87' lang='lat' dir='ltr'>de</span> 
     </span>
     <span class='ocr_line' id='line_1_25' title="bbox 154 2412 1019 2521; baseline -0.001 -43"><span class='ocrx_word' id='word_1_196' title='bbox 154 2415 269 2479; x_wconf 89' lang='lat' dir='ltr'>Jacobi</span> <span class='ocrx_word' id='word_1_197' title='bbox 285 2430 387 2479; x_wconf 87' lang='lat' dir='ltr'>morte</span> <span class='ocrx_word' id='word_1_198' title='bbox 403 2417 511 2479; x_wconf 83' lang='lat' dir='ltr'>statim</span> <span class='ocrx_word' id='word_1_199' title='bbox 527 2428 601 2500; x_wconf 89' lang='lat' dir='ltr'>post</span> <span class='ocrx_word' id='word_1_200' title='bbox 616 2414 720 2521; x_wconf 64' lang='lat' dir='ltr'>sequi,</span> <span class='ocrx_word' id='word_1_201' title='bbox 733 2412 878 2477; x_wconf 89' lang='lat' dir='ltr'>nonnihil</span> <span class='ocrx_word' id='word_1_202' title='bbox 893 2413 1019 2478; x_wconf 88' lang='lat' dir='ltr'>dubito.</span> 
     </span>
    </p>

    <p class='ocr_par' dir='ltr' id='par_1_7' title="bbox 154 2497 1195 2835">
     <span class='ocr_line' id='line_1_26' title="bbox 200 2497 1195 2585; baseline 0.002 -24"><span class='ocrx_word' id='word_1_203' title='bbox 200 2499 284 2562; x_wconf 90' lang='lat' dir='ltr'>Ibid.</span> <span class='ocrx_word' id='word_1_204' title='bbox 305 2500 329 2564; x_wconf 87' lang='lat' dir='ltr'>l.</span> <span class='ocrx_word' id='word_1_205' title='bbox 346 2515 392 2564; x_wconf 84' lang='lat'>18.</span> <span class='ocrx_word' id='word_1_206' title='bbox 416 2500 458 2562; x_wconf 76' lang='grc' dir='ltr'>ἐπὶ</span> <span class='ocrx_word' id='word_1_207' title='bbox 479 2505 519 2585; x_wconf 78' lang='grc' dir='ltr'>τῷ</span> <span class='ocrx_word' id='word_1_208' title='bbox 540 2504 616 2583; x_wconf 77' lang='grc' dir='ltr'><strong>αὐτῷ</strong></span> <span class='ocrx_word' id='word_1_209' title='bbox 637 2499 731 2582; x_wconf 74' lang='grc' dir='ltr'>λογῳ]</span> <span class='ocrx_word' id='word_1_210' title='bbox 749 2498 771 2561; x_wconf 88' lang='lat' dir='ltr'>i.</span> <span class='ocrx_word' id='word_1_211' title='bbox 784 2520 813 2561; x_wconf 92' lang='lat' dir='ltr'>e.</span> <span class='ocrx_word' id='word_1_212' title='bbox 836 2497 941 2560; x_wconf 91' lang='lat' dir='ltr'>Simili</span> <span class='ocrx_word' id='word_1_213' title='bbox 962 2499 1098 2576; x_wconf 87' lang='lat' dir='ltr'>ratione,</span> <span class='ocrx_word' id='word_1_214' title='bbox 1121 2520 1195 2563; x_wconf 87' lang='lat' dir='ltr'>ean·</span> 
     </span>
     <span class='ocr_line' id='line_1_27' title="bbox 154 2580 1194 2664; baseline 0 -18"><span class='ocrx_word' id='word_1_215' title='bbox 154 2582 229 2646; x_wconf 90' lang='lat' dir='ltr'>dem</span> <span class='ocrx_word' id='word_1_216' title='bbox 252 2585 296 2647; x_wconf 94' lang='lat' dir='ltr'>ob</span> <span class='ocrx_word' id='word_1_217' title='bbox 317 2605 458 2647; x_wconf 86' lang='lat' dir='ltr'>causam.</span> <span class='ocrx_word' id='word_1_218' title='bbox 481 2585 651 2647; x_wconf 79' lang='lat' dir='ltr'>Srnorrs.</span> <span class='ocrx_word' id='word_1_219' title='bbox 697 2583 809 2647; x_wconf 88' lang='lat' dir='ltr'>Habet</span> <span class='ocrx_word' id='word_1_220' title='bbox 830 2580 962 2664; x_wconf 69' lang='lat' dir='ltr'>Rrfirms</span> <span class='ocrx_word' id='word_1_221' title='bbox 983 2595 1073 2646; x_wconf 89' lang='lat' dir='ltr'>vetus</span> <span class='ocrx_word' id='word_1_222' title='bbox 1097 2584 1194 2647; x_wconf 91' lang='lat' dir='ltr'>inter·</span> 
     </span>
     <span class='ocr_line' id='line_1_28' title="bbox 154 2665 1194 2753; baseline 0.001 -23"><span class='ocrx_word' id='word_1_223' title='bbox 154 2688 239 2753; x_wconf 88' lang='lat' dir='ltr'>pres,</span> <span class='ocrx_word' id='word_1_224' title='bbox 254 2668 348 2731; x_wconf 83' lang='lat' dir='ltr'>etiam</span> <span class='ocrx_word' id='word_1_225' title='bbox 364 2668 427 2750; x_wconf 80' lang='lat' dir='ltr'>ipse</span> <span class='ocrx_word' id='word_1_226' title='bbox 443 2668 573 2730; x_wconf 82' lang='lat' dir='ltr'>reddens</span> <span class='ocrx_word' id='word_1_227' title='bbox 592 2666 803 2731; x_wconf 78' lang='lat' dir='ltr'>testimonium</span> <span class='ocrx_word' id='word_1_228' title='bbox 822 2665 960 2730; x_wconf 78' lang='lat' dir='ltr'>veritati.</span> <span class='ocrx_word' id='word_1_229' title='bbox 1005 2667 1091 2730; x_wconf 87' lang='lat' dir='ltr'>Mox</span> <span class='ocrx_word' id='word_1_230' title='bbox 1106 2668 1194 2731; x_wconf 84' lang='lat' dir='ltr'>abest</span> 
     </span>
     <span class='ocr_line' id='line_1_29' title="bbox 154 2751 894 2835; baseline -0.003 -21"><span class='ocrx_word' id='word_1_231' title='bbox 154 2772 176 2814; x_wconf 76' lang='lat' dir='ltr'>e</span> <span class='ocrx_word' id='word_1_232' title='bbox 192 2752 264 2814; x_wconf 77' lang='lat' dir='ltr'>cod.</span> <span class='ocrx_word' id='word_1_233' title='bbox 278 2751 418 2835; x_wconf 86' lang='lat' dir='ltr'>Norfolc.</span> <span class='ocrx_word' id='word_1_234' title='bbox 435 2752 587 2815; x_wconf 87' lang='lat' dir='ltr'>articulus</span> <span class='ocrx_word' id='word_1_235' title='bbox 602 2759 614 2814; x_wconf 86' lang='grc' dir='ltr'><strong>ὁ</strong></span> <span class='ocrx_word' id='word_1_236' title='bbox 629 2764 703 2815; x_wconf 86' lang='lat' dir='ltr'>ante</span> <span class='ocrx_word' id='word_1_237' title='bbox 718 2754 758 2812; x_wconf 75' lang='grc' dir='ltr'><em>τὲ</em></span> <span class='ocrx_word' id='word_1_238' title='bbox 771 2755 894 2812; x_wconf 76' lang='grc' dir='ltr'><strong>Κλωπᾶ.</strong></span> 
     </span>
    </p>

    <p class='ocr_par' dir='ltr' id='par_1_8' title="bbox 150 2833 1196 3674">
     <span class='ocr_line' id='line_1_30' title="bbox 200 2833 1193 2918; baseline 0.002 -22"><span class='ocrx_word' id='word_1_239' title='bbox 200 2834 283 2909; x_wconf 79' lang='lat' dir='ltr'>Ibid.</span> <span class='ocrx_word' id='word_1_240' title='bbox 299 2836 320 2898; x_wconf 91' lang='lat' dir='ltr'>l.</span> <span class='ocrx_word' id='word_1_241' title='bbox 334 2850 382 2897; x_wconf 90' lang='grc'>20.</span> <span class='ocrx_word' id='word_1_242' title='bbox 405 2833 470 2896; x_wconf 79' lang='grc' dir='ltr'>ὄντα</span> <span class='ocrx_word' id='word_1_243' title='bbox 491 2837 602 2908; x_wconf 69' lang='grc' dir='ltr'>ἀνεψιὸν</span> <span class='ocrx_word' id='word_1_244' title='bbox 622 2843 671 2898; x_wconf 82' lang='grc' dir='ltr'>τοῦ</span> <span class='ocrx_word' id='word_1_245' title='bbox 692 2834 811 2918; x_wconf 81' lang='lat' dir='ltr'>Kopr&#39;oo]</span> <span class='ocrx_word' id='word_1_246' title='bbox 829 2833 920 2896; x_wconf 86' lang='lat' dir='ltr'>Male</span> <span class='ocrx_word' id='word_1_247' title='bbox 941 2833 1087 2911; x_wconf 79' lang='lat' dir='ltr'>RufinuS,</span> <span class='ocrx_word' id='word_1_248' title='bbox 1102 2856 1193 2898; x_wconf 89' lang='lat' dir='ltr'>eum·</span> 
     </span>
     <span class='ocr_line' id='line_1_31' title="bbox 154 2917 1193 3003; baseline -0.001 -21"><span class='ocrx_word' id='word_1_249' title='bbox 154 2939 219 3003; x_wconf 90' lang='lat' dir='ltr'>que</span> <span class='ocrx_word' id='word_1_250' title='bbox 248 2919 349 2981; x_wconf 90' lang='lat' dir='ltr'>secuti</span> <span class='ocrx_word' id='word_1_251' title='bbox 378 2920 549 2982; x_wconf 87' lang='lat' dir='ltr'>Musculus</span> <span class='ocrx_word' id='word_1_252' title='bbox 578 2933 611 2985; x_wconf 92' lang='lat' dir='ltr'>et</span> <span class='ocrx_word' id='word_1_253' title='bbox 639 2917 956 3002; x_wconf 88' lang='lat' dir='ltr'>Christophorsonus</span> <span class='ocrx_word' id='word_1_254' title='bbox 982 2919 1193 2982; x_wconf 79' lang='lat' dir='ltr'>consobrinum</span> 
     </span>
     <span class='ocr_line' id='line_1_32' title="bbox 154 3001 1194 3087; baseline -0.002 -19"><span class='ocrx_word' id='word_1_255' title='bbox 154 3001 286 3068; x_wconf 79' lang='lat' dir='ltr'>Domini</span> <span class='ocrx_word' id='word_1_256' title='bbox 305 3016 476 3079; x_wconf 90' lang='lat' dir='ltr'>verterunt,</span> <span class='ocrx_word' id='word_1_257' title='bbox 494 3025 568 3066; x_wconf 90' lang='lat' dir='ltr'>cum</span> <span class='ocrx_word' id='word_1_258' title='bbox 592 3004 699 3087; x_wconf 88' lang='lat' dir='ltr'>potius</span> <span class='ocrx_word' id='word_1_259' title='bbox 720 3002 853 3066; x_wconf 85' lang='lat' dir='ltr'>fratrem</span> <span class='ocrx_word' id='word_1_260' title='bbox 875 3001 1051 3085; x_wconf 91' lang='lat' dir='ltr'>patruelem</span> <span class='ocrx_word' id='word_1_261' title='bbox 1074 3018 1194 3067; x_wconf 89' lang='lat' dir='ltr'>vertere</span> 
     </span>
     <span class='ocr_line' id='line_1_33' title="bbox 153 3085 1193 3171; baseline -0.001 -21"><span class='ocrx_word' id='word_1_262' title='bbox 153 3087 349 3151; x_wconf 88' lang='lat' dir='ltr'>debuissent.</span> <span class='ocrx_word' id='word_1_263' title='bbox 372 3087 493 3171; x_wconf 88' lang='lat' dir='ltr'>Clopas</span> <span class='ocrx_word' id='word_1_264' title='bbox 504 3089 588 3150; x_wconf 89' lang='lat' dir='ltr'>enim</span> <span class='ocrx_word' id='word_1_265' title='bbox 602 3105 635 3150; x_wconf 88' lang='lat' dir='ltr'>et</span> <span class='ocrx_word' id='word_1_266' title='bbox 646 3086 810 3170; x_wconf 87' lang='lat' dir='ltr'>Josephus</span> <span class='ocrx_word' id='word_1_267' title='bbox 823 3085 935 3148; x_wconf 86' lang='lat' dir='ltr'>fratres</span> <span class='ocrx_word' id='word_1_268' title='bbox 949 3086 1089 3149; x_wconf 85' lang='lat' dir='ltr'>luerunt.</span> <span class='ocrx_word' id='word_1_269' title='bbox 1114 3086 1193 3151; x_wconf 89' lang='lat' dir='ltr'>Clo·</span> 
     </span>
     <span class='ocr_line' id='line_1_34' title="bbox 152 3168 1194 3272; baseline -0.001 -37"><span class='ocrx_word' id='word_1_270' title='bbox 152 3192 211 3272; x_wconf 87' lang='lat' dir='ltr'>pas</span> <span class='ocrx_word' id='word_1_271' title='bbox 233 3173 404 3259; x_wconf 89' lang='lat' dir='ltr'>Symeonis</span> <span class='ocrx_word' id='word_1_272' title='bbox 426 3186 516 3256; x_wconf 89' lang='lat' dir='ltr'>pater</span> <span class='ocrx_word' id='word_1_273' title='bbox 537 3173 609 3249; x_wconf 87' lang='lat' dir='ltr'>fuit,</span> <span class='ocrx_word' id='word_1_274' title='bbox 623 3184 756 3256; x_wconf 90' lang='lat' dir='ltr'>patruus</span> <span class='ocrx_word' id='word_1_275' title='bbox 774 3186 883 3233; x_wconf 82' lang='lat' dir='ltr'>autem</span> <span class='ocrx_word' id='word_1_276' title='bbox 900 3168 1033 3233; x_wconf 88' lang='lat' dir='ltr'>Christi.</span> <span class='ocrx_word' id='word_1_277' title='bbox 1077 3173 1194 3235; x_wconf 87' lang='lat' dir='ltr'>Errant</span> 
     </span>
     <span class='ocr_line' id='line_1_35' title="bbox 153 3252 1193 3342; baseline -0.002 -22"><span class='ocrx_word' id='word_1_278' title='bbox 153 3269 262 3342; x_wconf 79' lang='lat' dir='ltr'>itaque</span> <span class='ocrx_word' id='word_1_279' title='bbox 282 3255 453 3340; x_wconf 90' lang='lat' dir='ltr'>Musculus</span> <span class='ocrx_word' id='word_1_280' title='bbox 473 3270 506 3320; x_wconf 92' lang='lat' dir='ltr'>et</span> <span class='ocrx_word' id='word_1_281' title='bbox 526 3255 849 3340; x_wconf 88' lang='lat' dir='ltr'>Christophorsonus,</span> <span class='ocrx_word' id='word_1_282' title='bbox 862 3252 918 3337; x_wconf 92' lang='lat' dir='ltr'>qui</span> <span class='ocrx_word' id='word_1_283' title='bbox 939 3257 1012 3315; x_wconf 70' lang='grc' dir='ltr'>θεῖον</span> <span class='ocrx_word' id='word_1_284' title='bbox 1033 3252 1098 3317; x_wconf 88' lang='lat' dir='ltr'>hoo</span> <span class='ocrx_word' id='word_1_285' title='bbox 1118 3255 1193 3318; x_wconf 91' lang='lat' dir='ltr'>loco</span> 
     </span>
     <span class='ocr_line' id='line_1_36' title="bbox 153 3337 1192 3424; baseline -0.002 -21"><span class='ocrx_word' id='word_1_286' title='bbox 153 3340 346 3404; x_wconf 84' lang='lat' dir='ltr'>avunculum</span> <span class='ocrx_word' id='word_1_287' title='bbox 376 3340 573 3424; x_wconf 86' lang='lat' dir='ltr'>interpretati</span> <span class='ocrx_word' id='word_1_288' title='bbox 602 3354 686 3403; x_wconf 90' lang='lat' dir='ltr'>sunt.</span> <span class='ocrx_word' id='word_1_289' title='bbox 737 3338 801 3401; x_wconf 90' lang='lat' dir='ltr'>Sed</span> <span class='ocrx_word' id='word_1_290' title='bbox 829 3337 1028 3421; x_wconf 90' lang='lat' dir='ltr'>ineptissime</span> <span class='ocrx_word' id='word_1_291' title='bbox 1057 3338 1192 3401; x_wconf 83' lang='lat' dir='ltr'>Rufinus</span> 
     </span>
     <span class='ocr_line' id='line_1_37' title="bbox 153 3420 1193 3508; baseline 0.003 -24"><span class='ocrx_word' id='word_1_292' title='bbox 153 3427 225 3484; x_wconf 71' lang='grc' dir='ltr'>θεῖον</span> <span class='ocrx_word' id='word_1_293' title='bbox 247 3444 305 3507; x_wconf 93' lang='lat' dir='ltr'>pro</span> <span class='ocrx_word' id='word_1_294' title='bbox 328 3422 484 3508; x_wconf 88' lang='lat' dir='ltr'>adjectivo</span> <span class='ocrx_word' id='word_1_295' title='bbox 506 3424 654 3507; x_wconf 92' lang='lat' dir='ltr'>sumpsit.</span> <span class='ocrx_word' id='word_1_296' title='bbox 697 3422 782 3486; x_wconf 87' lang='lat' dir='ltr'>Vide</span> <span class='ocrx_word' id='word_1_297' title='bbox 805 3444 879 3506; x_wconf 87' lang='lat' dir='ltr'>quae</span> <span class='ocrx_word' id='word_1_298' title='bbox 901 3442 997 3505; x_wconf 86' lang='lat' dir='ltr'>supra</span> <span class='ocrx_word' id='word_1_299' title='bbox 1019 3420 1129 3484; x_wconf 85' lang='lat' dir='ltr'>notavi</span> <span class='ocrx_word' id='word_1_300' title='bbox 1150 3423 1193 3487; x_wconf 86' lang='lat' dir='ltr'>ad</span> 
     </span>
     <span class='ocr_line' id='line_1_38' title="bbox 153 3504 1191 3590; baseline 0.002 -22"><span class='ocrx_word' id='word_1_301' title='bbox 153 3519 251 3590; x_wconf 82' lang='lat' dir='ltr'>caput</span> <span class='ocrx_word' id='word_1_302' title='bbox 262 3521 312 3570; x_wconf 89' lang='grc'>32.</span> <span class='ocrx_word' id='word_1_303' title='bbox 328 3507 401 3569; x_wconf 91' lang='lat' dir='ltr'>libri</span> <span class='ocrx_word' id='word_1_304' title='bbox 416 3508 510 3570; x_wconf 88' lang='lat' dir='ltr'>tertii.</span> <span class='ocrx_word' id='word_1_305' title='bbox 525 3510 733 3570; x_wconf 73' lang='lat' dir='ltr'>Vannsrus.</span> <span class='ocrx_word' id='word_1_306' title='bbox 766 3508 811 3568; x_wconf 92' lang='lat' dir='ltr'>H.</span> <span class='ocrx_word' id='word_1_307' title='bbox 823 3526 851 3567; x_wconf 90' lang='lat' dir='ltr'>e.</span> <span class='ocrx_word' id='word_1_308' title='bbox 868 3526 964 3588; x_wconf 85' lang='lat' dir='ltr'>supra</span> <span class='ocrx_word' id='word_1_309' title='bbox 978 3504 1018 3567; x_wconf 88' lang='lat' dir='ltr'>ad</span> <span class='ocrx_word' id='word_1_310' title='bbox 1034 3527 1111 3589; x_wconf 86' lang='lat' dir='ltr'>pag.</span> <span class='ocrx_word' id='word_1_311' title='bbox 1122 3520 1191 3571; x_wconf 84' lang='grc'><strong>232.</strong></span> 
     </span>
     <span class='ocr_line' id='line_1_39' title="bbox 150 3589 1196 3674; baseline -0.003 -20"><span class='ocrx_word' id='word_1_312' title='bbox 150 3590 279 3666; x_wconf 75' lang='grc' dir='ltr'>Ἀνεψιδν</span> <span class='ocrx_word' id='word_1_313' title='bbox 295 3591 359 3667; x_wconf 48' lang='grc' dir='ltr'><em>εἶναι</em></span> <span class='ocrx_word' id='word_1_314' title='bbox 373 3613 432 3674; x_wconf 93' lang='lat' dir='ltr'>pro</span> <span class='ocrx_word' id='word_1_315' title='bbox 447 3591 512 3654; x_wconf 78' lang='grc' dir='ltr'>ὄντα</span> <span class='ocrx_word' id='word_1_316' title='bbox 527 3596 557 3654; x_wconf 79' lang='grc' dir='ltr'>ἀ.</span> <span class='ocrx_word' id='word_1_317' title='bbox 573 3591 689 3654; x_wconf 88' lang='lat' dir='ltr'>habere</span> <span class='ocrx_word' id='word_1_318' title='bbox 704 3590 835 3672; x_wconf 81' lang='lat' dir='ltr'>Niceph.</span> <span class='ocrx_word' id='word_1_319' title='bbox 851 3603 941 3652; x_wconf 87' lang='lat' dir='ltr'>notat</span> <span class='ocrx_word' id='word_1_320' title='bbox 959 3589 1135 3653; x_wconf 89' lang='lat' dir='ltr'>Strothius.</span> <span class='ocrx_word' id='word_1_321' title='bbox 1193 3595 1196 3599; x_wconf 82' lang='lat'>&#39;</span> 
     </span>
    </p>

    <p class='ocr_par' dir='ltr' id='par_1_9' title="bbox 150 3671 1192 4179">
     <span class='ocr_line' id='line_1_40' title="bbox 197 3671 1192 3758; baseline -0.002 -21"><span class='ocrx_word' id='word_1_322' title='bbox 197 3674 280 3738; x_wconf 85' lang='lat' dir='ltr'>Ibld.</span> <span class='ocrx_word' id='word_1_323' title='bbox 303 3678 426 3738; x_wconf 80' lang='grc' dir='ltr'>διατοῦτο</span> <span class='ocrx_word' id='word_1_324' title='bbox 441 3677 557 3738; x_wconf 77' lang='grc' dir='ltr'><strong>ἐκάλουν</strong></span> <span class='ocrx_word' id='word_1_325' title='bbox 570 3679 617 3752; x_wconf 69' lang='grc' dir='ltr'>τὴν</span> <span class='ocrx_word' id='word_1_326' title='bbox 631 3674 781 3750; x_wconf 74' lang='grc' dir='ltr'>ἐκκλησίαν</span> <span class='ocrx_word' id='word_1_327' title='bbox 794 3671 948 3758; x_wconf 68' lang='grc' dir='ltr'>παρθένον]</span> <span class='ocrx_word' id='word_1_328' title='bbox 967 3672 1088 3735; x_wconf 83' lang='lat' dir='ltr'>Melius</span> <span class='ocrx_word' id='word_1_329' title='bbox 1103 3675 1192 3757; x_wconf 85' lang='lat' dir='ltr'>lege·</span> 
     </span>
     <span class='ocr_line' id='line_1_41' title="bbox 153 3756 1191 3842; baseline -0.002 -19"><span class='ocrx_word' id='word_1_330' title='bbox 153 3772 242 3824; x_wconf 85' lang='lat' dir='ltr'>retur</span> <span class='ocrx_word' id='word_1_331' title='bbox 255 3758 342 3842; x_wconf 74' lang='grc' dir='ltr'>μέχρι</span> <span class='ocrx_word' id='word_1_332' title='bbox 355 3758 441 3822; x_wconf 65' lang='grc' dir='ltr'><strong>τότε.</strong></span> <span class='ocrx_word' id='word_1_333' title='bbox 470 3760 523 3822; x_wconf 81' lang='lat' dir='ltr'>Sic</span> <span class='ocrx_word' id='word_1_334' title='bbox 537 3760 623 3823; x_wconf 88' lang='lat' dir='ltr'>enim</span> <span class='ocrx_word' id='word_1_335' title='bbox 638 3758 736 3821; x_wconf 90' lang='lat' dir='ltr'>habet</span> <span class='ocrx_word' id='word_1_336' title='bbox 752 3758 910 3820; x_wconf 85' lang='lat' dir='ltr'>Eusebius</span> <span class='ocrx_word' id='word_1_337' title='bbox 924 3756 955 3818; x_wconf 86' lang='lat' dir='ltr'>in</span> <span class='ocrx_word' id='word_1_338' title='bbox 971 3757 1027 3818; x_wconf 88' lang='lat' dir='ltr'>lib.</span> <span class='ocrx_word' id='word_1_339' title='bbox 1041 3756 1085 3819; x_wconf 86' lang='lat' dir='ltr'>iii.</span> <span class='ocrx_word' id='word_1_340' title='bbox 1102 3772 1191 3821; x_wconf 80' lang='lat' dir='ltr'>c.32.</span> 
     </span>
     <span class='ocr_line' id='line_1_42' title="bbox 152 3841 1191 3927; baseline -0.001 -21"><span class='ocrx_word' id='word_1_341' title='bbox 152 3843 210 3906; x_wconf 90' lang='lat' dir='ltr'>ubi</span> <span class='ocrx_word' id='word_1_342' title='bbox 225 3843 310 3905; x_wconf 89' lang='lat' dir='ltr'>hunc</span> <span class='ocrx_word' id='word_1_343' title='bbox 325 3843 503 3927; x_wconf 85' lang='lat' dir='ltr'>Hegesippi</span> <span class='ocrx_word' id='word_1_344' title='bbox 514 3843 623 3906; x_wconf 91' lang='lat' dir='ltr'>locum</span> <span class='ocrx_word' id='word_1_345' title='bbox 638 3842 780 3905; x_wconf 88' lang='lat' dir='ltr'>adducit.</span> <span class='ocrx_word' id='word_1_346' title='bbox 795 3843 1002 3905; x_wconf 80' lang='lat' dir='ltr'>VALEquS.</span> <span class='ocrx_word' id='word_1_347' title='bbox 1031 3841 1136 3924; x_wconf 88' lang='lat' dir='ltr'>Supra</span> <span class='ocrx_word' id='word_1_348' title='bbox 1149 3842 1191 3906; x_wconf 85' lang='lat' dir='ltr'>ad</span> 
     </span>
     <span class='ocr_line' id='line_1_43' title="bbox 152 3923 1191 4011; baseline -0.005 -19"><span class='ocrx_word' id='word_1_349' title='bbox 152 3928 209 3992; x_wconf 90' lang='lat' dir='ltr'>lin.</span> <span class='ocrx_word' id='word_1_350' title='bbox 227 3942 257 3990; x_wconf 89' lang='lat'>4.</span> <span class='ocrx_word' id='word_1_351' title='bbox 278 3925 375 4011; x_wconf 87' lang='lat' dir='ltr'>hujus</span> <span class='ocrx_word' id='word_1_352' title='bbox 394 3949 435 4011; x_wconf 88' lang='lat' dir='ltr'>pa</span> <span class='ocrx_word' id='word_1_353' title='bbox 463 3974 470 3990; x_wconf 91' lang='lat'>.</span> <span class='ocrx_word' id='word_1_354' title='bbox 510 3929 609 3990; x_wconf 88' lang='lat' dir='ltr'>Recte</span> <span class='ocrx_word' id='word_1_355' title='bbox 629 3940 739 3989; x_wconf 88' lang='lat' dir='ltr'>monet</span> <span class='ocrx_word' id='word_1_356' title='bbox 758 3926 933 4001; x_wconf 82' lang='lat' dir='ltr'>strothius,</span> <span class='ocrx_word' id='word_1_357' title='bbox 952 3923 1124 3987; x_wconf 87' lang='lat' dir='ltr'>lectionem</span> <span class='ocrx_word' id='word_1_358' title='bbox 1146 3928 1191 3987; x_wconf 67' lang='grc' dir='ltr'>διὰ</span> 
     </span>
     <span class='ocr_line' id='line_1_44' title="bbox 151 3949 1190 4093; baseline 0.001 -20"><span class='ocrx_word' id='word_1_359' title='bbox 151 4017 219 4075; x_wconf 69' lang='lat' dir='ltr'>viro</span> <span class='ocrx_word' id='word_1_360' title='bbox 231 4010 410 4075; x_wconf 87' lang='lat' dir='ltr'>confirmari</span> <span class='ocrx_word' id='word_1_361' title='bbox 422 3949 462 4073; x_wconf 52' lang='grc' dir='ltr'>εἰ</span> <span class='ocrx_word' id='word_1_362' title='bbox 475 4010 585 4093; x_wconf 71' lang='lat' dir='ltr'>Rufino</span> <span class='ocrx_word' id='word_1_363' title='bbox 598 4025 631 4074; x_wconf 85' lang='lat' dir='ltr'>et</span> <span class='ocrx_word' id='word_1_364' title='bbox 643 4010 825 4092; x_wconf 81' lang='lat' dir='ltr'>Niceplroro.</span> <span class='ocrx_word' id='word_1_365' title='bbox 861 4011 920 4071; x_wconf 89' lang='lat' dir='ltr'>Est</span> <span class='ocrx_word' id='word_1_366' title='bbox 934 4009 1020 4070; x_wconf 85' lang='lat' dir='ltr'>cuim</span> <span class='ocrx_word' id='word_1_367' title='bbox 1034 4010 1190 4074; x_wconf 83' lang='lat' dir='ltr'>orationis</span> 
     </span>
     <span class='ocr_line' id='line_1_45' title="bbox 150 4092 1148 4179; baseline -0.005 -18"><span class='ocrx_word' id='word_1_368' title='bbox 150 4096 239 4162; x_wconf 86' lang='lat' dir='ltr'>baud</span> <span class='ocrx_word' id='word_1_369' title='bbox 253 4095 433 4178; x_wconf 88' lang='lat' dir='ltr'>infrequens</span> <span class='ocrx_word' id='word_1_370' title='bbox 448 4094 594 4157; x_wconf 87' lang='lat' dir='ltr'>inversio.</span> <span class='ocrx_word' id='word_1_371' title='bbox 618 4098 663 4157; x_wconf 74' lang='lat' dir='ltr'>lul</span> <span class='ocrx_word' id='word_1_372' title='bbox 675 4099 744 4157; x_wconf 76' lang='grc' dir='ltr'><em>τῦτο</em></span> <span class='ocrx_word' id='word_1_373' title='bbox 759 4099 817 4179; x_wconf 74' lang='grc' dir='ltr'>γὰρ</span> <span class='ocrx_word' id='word_1_374' title='bbox 833 4094 932 4165; x_wconf 82' lang='lat' dir='ltr'>habet</span> <span class='ocrx_word' id='word_1_375' title='bbox 947 4092 1148 4174; x_wconf 79' lang='lat' dir='ltr'>Ntcepltorrts.</span> 
     </span>
    </p>
   </div>
   <div class='ocr_carea' id='block_1_5' title="bbox 195 4176 1187 4266">
    <p class='ocr_par' dir='ltr' id='par_1_10' title="bbox 195 4176 1187 4266">
     <span class='ocr_line' id='line_1_46' title="bbox 195 4176 1187 4266; baseline -0.004 -20"><span class='ocrx_word' id='word_1_376' title='bbox 195 4180 278 4246; x_wconf 82' lang='lat' dir='ltr'>lbid.</span> <span class='ocrx_word' id='word_1_377' title='bbox 294 4180 316 4247; x_wconf 90' lang='lat' dir='ltr'>l.</span> <span class='ocrx_word' id='word_1_378' title='bbox 328 4193 378 4243; x_wconf 85' lang='lat'>22.</span> <span class='ocrx_word' id='word_1_379' title='bbox 399 4177 520 4266; x_wconf 55' lang='grc' dir='ltr'>ἅςχετας</span> <span class='ocrx_word' id='word_1_380' title='bbox 541 4181 561 4240; x_wconf 80' lang='grc' dir='ltr'>δ’</span> <span class='ocrx_word' id='word_1_381' title='bbox 576 4184 599 4249; x_wconf 62' lang='grc' dir='ltr'>,ὁ</span> <span class='ocrx_word' id='word_1_382' title='bbox 621 4178 771 4263; x_wconf 59' lang='lat' dir='ltr'>usdrusu]</span> <span class='ocrx_word' id='word_1_383' title='bbox 790 4176 928 4250; x_wconf 69' lang='grc' dir='ltr'>Θέὅουλις</span> <span class='ocrx_word' id='word_1_384' title='bbox 946 4176 993 4239; x_wconf 77' lang='lat' dir='ltr'>ed.</span> <span class='ocrx_word' id='word_1_385' title='bbox 1016 4177 1055 4240; x_wconf 82' lang='lat' dir='ltr'>R.</span> <span class='ocrx_word' id='word_1_386' title='bbox 1077 4177 1187 4261; x_wconf 64' lang='lat' dir='ltr'>Slt&#39;plt.</span> 
     </span>
    </p>
   </div>
   <div class='ocr_carea' id='block_1_6' title="bbox 0 0 1362 4748">
    <p class='ocr_par' dir='ltr' id='par_1_11' title="bbox 0 0 1362 4748">
     <span class='ocr_line' id='line_1_47' title="bbox 0 0 1362 4748; baseline 0 3"><span class='ocrx_word' id='word_1_387' title='bbox 0 0 1362 4748; x_wconf 95' lang='lat' dir='ltr'> </span> 
     </span>
    </p>
   </div>
  </div>
 </body>
</html>
