2716 4748
157 306 218 353 100
413 284 422 343 '.
491 284 882 351 ANNOTATIONFS·.
975 282 983 341 -ζ

159 467 226 519 tara
237 468 294 538 per
307 452 497 538 Prophetiam
515 454 655 536 (Esaiam
669 457 697 519 Ι.
712 479 741 519 v.
756 450 800 535 7.)
826 454 924 519 Terra
942 462 1046 517 vestra
1065 452 1204 531 deserta,

159 539 301 604 civitates
328 549 442 602 vestrae
465 539 533 625 igal
553 551 683 603 exustae.
728 540 763 602 Si
784 539 885 625 igitur
905 537 1116 603 interdiotum
1137 539 1203 603 fuit

159 623 282 688 Judaeis
301 624 338 686 in
362 623 501 687 confinio
524 624 700 689 Palaestinae
725 624 879 700 habitare,
900 621 986 686 haud
1009 622 1104 687 licuit
1122 622 1203 709 ipsis

160 709 293 773 omnino
310 722 426 772 terram
442 723 585 772 sanctam
600 710 703 772 oculis
719 728 882 793 usurpare.
918 705 982 771 Sed
997 705 1069 770 hoee
1083 706 1201 771 obiter.

161 794 353 857 Gnasrus.
396 792 517 855 Totum
533 794 663 857 Eusebii
676 807 785 877 caput,
798 807 953 876 tanquam
971 790 999 863 si
1019 790 1117 855 verbs
1134 792 1202 875 ipsa

161 877 296 940 fuissent
305 877 478 954 Aristonis,
491 877 644 941 Historice
652 900 720 941 suae
732 877 864 940 inseruit
874 874 1081 960 Nicephorus
1091 874 1201 941 limiti.

162 983 191 1023 c.
201 973 252 1024 24.
266 960 356 1046 quod
372 960 501 1045 quidem
517 983 683 1047 perperam
698 962 834 1039 factum,
845 960 901 1024 sed
939 960 1009 1023 lura
1023 960 1149 1023 interea
1160 958 1202 1023 ad

162 1045 348 1108 Aristonem
364 1045 522 1130 pertinere
535 1067 639 1131 posse,
654 1067 752 1132 quam
766 1067 805 1108 ea
819 1067 893 1130 quae
939 1043 1045 1107 rabius
1057 1044 1201 1129 agnovit,

162 1129 214 1192 vix
229 1129 425 1214 negandum.
469 1129 567 1194 Certe
584 1131 688 1194 multo
701 1131 794 1215 plura
807 1130 848 1192 ad
862 1150 937 1192 eum
954 1128 1112 1213 pertinere
1126 1149 1202 1193 cen·

164 1213 299 1276 sendum
315 1214 410 1288 foret,
425 1212 451 1275 si
472 1235 563 1277 verus
583 1216 697 1278 Moses
712 1213 940 1290 Chorenensis,
954 1212 995 1275 de
1036 1234 1081 1277 uo
1096 1235 1135 1277 su
1158 1232 1203 1275 ra.

164 1297 327 1361 Aristonis
349 1313 470 1376 autem,
494 1299 550 1383 qui
571 1297 638 1381 ipse
660 1299 736 1362 civis
763 1299 897 1361 Pellaeus
918 1297 991 1375 fuit,
1013 1234 1057 1361 de
1080 1234 1204 1361 Judieis

164 1382 378 1445 narrationem
399 1382 526 1446 firmant
543 1382 714 1464 scriptores
732 1382 797 1459 alii,
811 1404 952 1467 quorum
972 1381 1104 1445 nomina
1117 1378 1205 1466 apud

165 1466 391 1530 Moshemium
403 1466 520 1545 videas,
532 1469 584 1531 De
594 1466 694 1532 Relas
709 1465 911 1530 Christianos.
924 1477 997 1529 aate
1010 1465 1206 1529 Constantia.

164 1552 218 1615 Μ.
231 1552 317 1635 Sept.
327 1552 358 1613 ii.
370 1553 400 1632 ξ.
417 1566 462 1614 13.
475 1574 507 1636 p.
518 1567 587 1630 239.
609 1553 663 1630 Et,
674 1573 751 1615 cum
764 1551 851 1614 haud
862 1551 906 1615 ita
919 1549 1043 1636 pridem
1053 1550 1208 1634 Gregorii

166 1636 404 1721 Abulpharagii
419 1635 603 1699 Chronicam
615 1636 779 1722 Syriacam
793 1636 968 1701 edidissent
979 1650 1012 1697 at
1059 1655 1080 1696 e
1093 1635 1206 1698 vertis·

166 1736 239 1783 sent
248 1721 290 1783 cl.
302 1722 368 1799 viri,
380 1720 495 1784 Paulus
504 1722 574 1784 Jac.
584 1721 740 1785 Brunsius
749 1733 782 1784 et
793 1658 1208 1804 Georg.Guil.(l(irschius‚

165 1804 252 1890 apud
269 1806 408 1890 Dynast.
424 1805 487 1868 viii.
503 1827 535 1890 p.
550 1819 600 1868 54.
620 1806 683 1868 vidi
704 1805 883 1869 tradentem
907 1817 1087 1881 auctorem,
1102 1805 1209 1891 impe·

165 1902 305 1953 satorem
326 1891 520 1967 Romanum,
540 1904 713 1975 postquam
733 1888 981 1953 arlemAEliam
993 1888 1133 1953 Adriani
1150 1904 1208 1975 ap·

161 1972 317 2058 pellatam
338 1973 533 2057 calistenem,
550 1975 681 2058 populos
699 1975 878 2060 peregrinas
895 1973 1067 2051 deduxisse,
1084 1973 1210 2038 Jadaes's

163 2079 258 2121 aures
275 2058 407 2140 praecidi
419 2058 561 2143 jussisse,
577 2058 703 2145 illisque
716 2057 960 2122 mundavissent
976 2080 1014 2121 ne
1027 2080 1067 2121 ea
1082 2058 1135 2121 loa
1160 2058 1209 2122 ia-

163 2164 227 2228 =qao
250 2141 374 2228 quidem
393 2143 434 2206 ad
454 2142 554 2205 locam
576 2144 669 2207 istam
692 2144 887 2227 respicerent.
925 2142 1048 2206 Confer
1059 2081 1210 2229 Abulpls.

167 2228 259 2314 Dyn.
280 2227 333 2290 vii.
355 2249 430 2312 pag.
451 2234 501 2303 76.
522 2230 555 2291 V
556 2229 689 2292 ersionis
712 2229 854 2292 Pocock.
897 2228 1020 2291 Verum
1046 2227 1150 2290 semel
1178 2228 1211 2291 iu

161 2333 253 2376 anno
268 2312 380 2375 urbem
398 2312 485 2377 adire
500 2335 591 2376 suam
605 2315 625 2376 J
629 2313 729 2376 udaeis
749 2332 938 2377 concessum
955 2312 1064 2389 fuisse,
1079 2334 1148 2397 quo
1162 2312 1211 2375 ni·

160 2399 286 2479 anirum
314 2397 365 2460 die
393 2397 613 2484 Herosolyma
637 2421 655 2460 a
676 2398 752 2462 Tito
774 2398 881 2461 diruta
901 2396 1009 2472 fuerit,
1024 2418 1213 2481 magnoque

168 2483 272 2566 pretio
294 2483 376 2545 hanc
394 2483 556 2546 licentiam
578 2483 700 2546 abillis
720 2483 920 2567 redemptam
941 2481 1051 2558 fuisse,
1066 2481 1211 2545 ostendit

161 2566 329 2651 -Josephus
344 2567 499 2652 Scaliger,
512 2568 585 2630 loco
601 2591 620 2630 a
634 2567 836 2653 Grabiojam
852 2565 1003 2642 indicata,
1018 2587 1057 2628 ex
1072 2565 1209 2629 Itinera·

168 2650 216 2713 rio
243 2650 478 2735 Burdigalerssz',
508 2666 541 2714 et
575 2653 779 2738 Hieronymo
810 2652 844 2715 in
873 2671 944 2734 cap.
971 2665 1000 2713 2.
1033 2649 1208 2733 Soplmaice.

169 2736 249 2798 Rem
277 2735 384 2797 firmat
408 2757 448 2797 ex
472 2736 632 2818 Gregorio
659 2757 790 2821 quoque
816 2737 1025 2798 Nazianzeno
1050 2735 1141 2803 Orat.
1164 2750 1210 2797 12.

169 2820 317 2883 Valesius
332 2819 365 2881 in
379 2819 464 2881 notis
479 2819 521 2881 ad
537 2820 665 2882 Earelii
685 2820 748 2883 hoc
762 2832 870 2904 caput.
914 2820 1063 2905 Denique
1079 2841 1211 2882 causam

168 2905 215 2966 rei
230 2903 346 2966 addam
363 2924 402 2964 ex
420 2903 626 2988 Philostorgii
642 2905 821 2988 Exemplis,
835 2927 893 2968 cur
908 2905 1059 2967 nimirum
1074 2904 1095 2968 J
1098 2903 1210 2966 udaeos

169 2988 211 3049 ab
227 2987 306 3051 urbe
322 3009 403 3050 nova
417 3004 537 3052 arceret
551 2990 744 3052 Hadrianus.
768 2989 964 3065 Hadrianus,
975 2989 1090 3073 inquit,
1099 2987 1211 3052 AElio-

169 3094 228 3135 aras
244 3071 495 3157 Hierosolymam
509 3072 636 3137 AEliam
651 3073 790 3150 occulat,
804 3076 839 3146 aa
853 3073 886 3135 οἲν
901 3073 1072 3136 παντάπασι
1088 3075 1120 3135 τὸ
1137 3076 1212 3136 Ἰον-

170 3156 251 3220 δαὶοιν
266 3161 348 3232 αὐτῆς
364 3157 438 3231 ἔθνος
449 3160 573 3235 &arelas
589 3160 637 3221 καὶ
652 3160 799 3244 ἀποῤῥὴξη,
815 3186 836 3242 q
852 3160 912 3237 μηδ’
928 3162 959 3219 ἐκ
974 3164 1021 3232 τῆς
1036 3158 1162 3234 κλήσεως
1176 3161 1212 3231 ὥς

168 3242 304 3326 πατρίδος
323 3246 406 3318 αὐτῆς
430 3247 616 3321 ἀντιποιεῖσθαι
631 3242 775 3327 πρόφασιν
793 3242 922 3326 ἐχούσης,
938 3242 1030 3304 ἐδεδίει·
1045 3246 1103 3326 γὰρ
1121 3247 1213 3305 αὐτῶν

169 3328 200 3389 τὸ
214 3326 374 3411 θεςμνργὸν
389 3329 435 3388 καὶ
449 3327 641 3411 ῥιψοκίνδυνον,
656 3332 694 3409 μὴ
710 3328 929 3412 συναγειρόμενοι
944 3330 1020 3388 κατὰ
1033 3326 1171 3411 πρόφασιν
1186 3331 1214 3389 ἓν

161 3417 203 3494 agi
226 3410 313 3472 πόλει
340 3411 471 3498 λατρείας
496 3411 664 3498 πράγματα
688 3413 833 3494 Ῥωμαίοις
857 3411 1031 3497 παρέξοιοιν.
1065 3411 1140 3474 Lib.
1160 3412 1213 3475 vii.

169 3509 262 3557 c.11.
302 3497 393 3570 Acti.

215 3579 247 3643 P.
261 3516 313 3655 ὦ.
330 3578 351 3641 l.
367 3593 414 3642 18.
439 3583 481 3640 τόι
501 3582 576 3654 ἅγιοι
595 3591 698 3641 Λοῦκαν
717 3584 795 3659 φησιν
813 3578 1106 3662 draypdslas]-Slve
1119 3602 1214 3644 verus

171 3661 235 3725 sive
258 3663 351 3727 fictus
372 3663 470 3727 fuerit
491 3664 652 3748 Dialogus
675 3664 739 3742 ille,'
754 3665 899 3729 Aristoni
913 3681 999 3727 certe
1020 3665 1216 3730 tribuendus

159 3760 242 3823 .est;
266 3768 324 3810 nec
340 3748 434 3812 facile
447 3748 574 3834 assequi
588 3749 675 3826 licet,
715 3772 756 3813 ua
771 3750 893 3813 ratione
917 3750 982 3811 fieri
1005 3750 1161 3832 potuerit,
1177 3768 1216 3815 ut

173 3831 325 3895 Clemens
354 3832 589 3896 Alexandrinus
617 3833 650 3896 in
723 3834 959 3920 ypotyposibus
989 3836 1112 3896 Lucam
1142 3836 1215 3921 ejus

159 3929 336 3979 ,auctorem
352 3917 473 3994 fecerit,
488 3940 563 3981 curn
586 3939 637 3980 res
660 3918 859 4003 aliquamdiu
882 3929 955 4002 post
970 3921 1067 3980 Lucae
1082 3920 1215 3982 obitum

171 4013 273 4085 gestae
288 3999 322 4063 in
337 3999 392 4064 illo
408 4001 526 4064 fuerint
540 4001 658 4064 relatae.
683 4003 778 4066 Unde
793 4004 949 4086 suspicor,
960 4003 1008 4064 vel
1024 4024 1083 4065 nos
1098 4003 1215 4067 vitiose

160 4086 203 4148 ·in
219 4084 356 4148 Maximi
371 4098 460 4150 textu
475 4086 557 4148 infra
571 4086 735 4150 recitando
750 4087 781 4163 ἢν
795 4109 854 4172 pro
869 4087 896 4150 ὃν
909 4088 1026 4172 legere,
1040 4089 1088 4150 vel
1103 4091 1214 4172 potius

158 4192 190 4233 -a
204 4169 351 4255 Maximo
367 4171 461 4235 verba
479 4169 656 4236 Clementis
675 4171 761 4236 haud
780 4186 867 4236 recte
882 4172 965 4236 lecta
980 4187 1035 4235 aut
1051 4172 1216 4238 intellecta
