2716 4748
157 292 221 379 ³7⁶
475 288 858 358 auuorsuours

157 461 246 528 Pauli
267 460 420 548 crepabat
438 461 592 527 tumulos.
636 463 791 527 Attamen
812 462 900 527 haud
919 474 1051 548 reperta
1072 476 1130 543 eat,
1145 464 1195 530 fa·

156 558 238 625 teor,
253 546 309 612 illo
323 549 419 611 etiam
434 549 566 612 Eusebii
580 548 654 612 loco
668 571 764 634 quem
780 569 877 634 supra
890 549 1080 629 memoravi,
1094 552 1191 637 parti-

157 635 230 698 cula
244 634 302 713 καὶ,
316 632 365 698 vel
384 633 419 697 in
440 635 503 698 end.
527 633 604 698 MS.
624 634 714 698 Bodl.
734 634 784 698 vel
803 635 837 698 in
851 634 937 698 codd.
954 633 1103 700 triburin
1116 658 1193 702 usus

156 741 246 784 meos
266 719 402 798 collatis,
426 719 538 784 duobus
556 720 625 783 scil.
643 719 801 784 Vaticanis
822 734 856 785 et
876 741 934 784 aaa
953 720 986 782 V
984 720 1192 800 indoleami,

156 806 213 893 qni
234 805 344 871 eadem
368 807 535 871 continent
557 806 756 894 Polycratica
773 825 812 870 ex
829 805 943 870 eodem
960 807 1097 872 Eusehii
1120 806 1194 874 loeo

156 903 295 1043 ἔναμμα.
340 892 566 956 Memorabilia
587 892 707 956 interea
728 906 803 956 sunt
825 907 922 976 atque
947 890 1081 977 pietatis
1100 893 1192 980 plena

182 1026 191 1042 .
241 977 436 1065 hrysostomi
448 979 543 1042 verba
559 978 591 1041 in
607 976 728 1042 Hamil.
740 984 789 1042 26.
805 977 837 1041 ia
851 977 957 1062 Epist.
972 977 1017 1041 ad
1032 978 1191 1060 Hebrceaa

155 1086 239 1151 qua,
251 1087 325 1128 cum
340 1063 381 1128 ad
396 1064 564 1129 historiam
575 1062 798 1148 Apostolicam
813 1062 1034 1127 illustrandam
1049 1066 1190 1150 pertine·

155 1161 221 1227 ant,
235 1151 298 1214 huc
316 1150 455 1214 afferam.
491 1150 529 1213 Τί
543 1153 582 1226 δὲ,
597 1148 653 1212 εἰπέ
670 1175 729 1230 μοι,
743 1155 791 1212 τοῦ
811 1148 955 1222 Mourisios
974 1152 1060 1214 αὐτοῦ
1080 1154 1122 1214 τοὶ
1142 1156 1192 1223 irai

156 1240 203 1298 triu
219 1239 245 1297 ir
259 1235 318 1321 ξένῃ
335 1240 441 1314 neiron
464 1239 501 1298 rol
516 1237 542 1298 δὲ
557 1233 678 1319 Ἀαρών,
691 1239 729 1297 τοὶ
744 1235 771 1297 δὲ
785 1241 834 1299 τοῦ
848 1239 965 1312 Δανιὴλ,
979 1239 1019 1296 τοὶ
1034 1237 1061 1298 δὲ
1075 1242 1127 1298 τοῦ
1141 1238 1189 1300 ‘le-

154 1321 267 1406 peplum
292 1327 330 1384 τοὶ
351 1323 378 1383 δὲ
397 1328 451 1385 τῶν
471 1320 614 1394 οἰνος-ὅλοιν
634 1322 691 1383 οὐδὲ
708 1318 788 1401 ἴσμεν
804 1329 858 1384 τῶν
877 1329 997 1383 πολλῶν
1010 1319 1076 1384 ὅπου
1091 1327 1189 1402 κεῖται.

155 1405 265 1492 Πέτρου
278 1409 398 1493 μὲνγὰρ
414 1407 461 1487 κα)
474 1407 593 1470 Παύλου
608 1407 655 1469 καὶ
670 1406 782 1469 ’latiare
798 1408 844 1469 καὶ
859 1411 956 1488 Θαμοῖ
968 1409 1045 1482 δῆλοι
1059 1413 1086 1471 οἳ
1099 1408 1190 1488 τάφοι·

153 1495 254 1556 τῶνδὲ
275 1492 369 1556 ἄλλων
390 1493 525 1556 τοσούτων
546 1491 638 1571 ὄντων,
653 1495 771 1574 οὐδαμοῦ
790 1491 922 1579 γνώριμοι
940 1491 1090 1576 γεγόνασι.
1112 1496 1176 1576 pul*

152 1577 239 1643 releva
259 1580 323 1664 ὑπὲρ
341 1577 415 1642 τιν’τε
438 1579 610 1661 κοπῖώμοᾶα,
624 1582 663 1659 μὴ
678 1579 704 1641 δὲ
719 1576 788 1642 οὕτω
801 1580 1032 1664 μικροψνχῶμεν·
1054 1577 1122 1643 ὅσον
1135 1585 1191 1666 γὰρ

153 1663 187 1728 ab
199 1670 338 1746 ταφῶμεν,
351 1672 388 1727 ri
403 1665 492 1766 Kvple
505 1672 520 1741 ἡ
532 1671 569 1748 γῆ
583 1666 604 1750 ’i
618 1665 650 1727 ri
665 1665 801 1750 πλήρωμα
814 1668 907 1738 αὐτῆς.
924 1683 955 1748 p.
968 1671 1038 1728 ⁵61.
1054 1677 1138 1729 tom.
1150 1666 1190 1730 iv.

153 1751 206 1816 ed.
225 1751 341 1815 Savilii.
386 1752 454 1815 Ubi
470 1752 613 1815 maxime
635 1749 811 1814 notandum
834 1749 913 1813 illud
934 1749 975 1812 de
997 1751 1032 1813 S.
1052 1751 1191 1816 Thomre

154 1837 329 1922 sepultura,
344 1839 437 1923 cujus
457 1836 662 1921 sepulchrum
685 1835 757 1899 lndi
776 1835 945 1900 orientales
959 1833 1126 1923 hodieque
1139 1860 1191 1902 os·

153 1933 288 1987 tentant.
879 1944 882 1948 ’
1097 1949 1099 1953 ⁴

61 2085 63 2088 y
199 2009 232 2071 P.
244 2014 313 2086 369.
328 2007 350 2069 l.
368 2022 413 2069 ιι.
435 2007 553 2090 μεγάλα
573 2008 698 2092 ςοιχεῖα]
719 2008 940 2106 Hieronymus
962 2020 995 2072 et
1018 2009 1193 2073 Masculus

154 2093 304 2158 elemento
318 2093 418 2156 vertit.
450 2092 762 2177 Christophorsonns
777 2093 954 2157 seminaria.
988 2094 1054 2158 Sed
1067 2095 1193 2180 optime

154 2179 287 2244 Rufinus
310 2176 429 2242 lumina
450 2178 684 2264 interpretatur.
721 2180 808 2243 Nam
824 2179 931 2243 Graeei
952 2180 1045 2265 signa
1064 2181 1192 2245 zodiaci

152 2269 264 2352 ςοιχιῖα
279 2264 384 2328 solent
400 2264 570 2350 appellare.
605 2264 658 2327 Sic
672 2263 759 2350 apud
772 2264 954 2350 Diogenem
973 2266 1143 2330 Laertium
1158 2267 1192 2332 in

154 2352 215 2416 vita
237 2351 422 2415 Menedemi
446 2355 532 2424 στῖλος
546 2353 699 2436 &paulinis
720 2351 761 2411 tal
780 2355 827 2426 τῆς
847 2357 966 2433 κεφαλῆς
982 2351 1054 2436 ἔχων
1071 2354 1191 2428 ἐνυφασ-

153 2437 223 2520 μένα
242 2443 278 2499 τοὶ
299 2437 401 2499 δώδεκα
416 2442 535 2521 ςοιχεῖα.
581 2437 633 2498 Sic
649 2451 756 2499 autem
771 2437 926 2500 vocabant
940 2459 978 2500 ea
992 2438 1087 2523 signa
1104 2440 1191 2502 Gen-

152 2524 235 2603 tiles,
248 2523 334 2611 quod
347 2523 500 2608 principia
512 2523 583 2586 vitae
599 2521 815 2585 hominumue
830 2524 967 2585 fortunae
982 2523 1016 2585 in
1030 2524 1070 2586 iis
1085 2526 1191 2608 posita

154 2632 223 2673 esse
235 2609 462 2686 existimarent,
473 2622 510 2672 ut
522 2609 617 2672 docet
629 2608 827 2692 Epiphanius
840 2609 871 2670 in
886 2609 999 2672 haeresi
1013 2609 1191 2674 Pharisaeo-

153 2719 236 2761 rum.
251 2699 288 2758 τοὶ
300 2694 416 2775 palatius
426 2694 586 2776 νομιζόμενα
597 2698 632 2767 εἰς
644 2695 759 2779 αριθμὸν
772 2693 899 2779 ςοιχεῖοιν
910 2698 965 2767 τοῖς
975 2697 1190 2778 πεπλανημένοις

154 2782 275 2862 ὀνόματα
290 2780 308 2843 ii
323 2782 405 2860 ξώὸια
420 2787 551 2842 καλῖισιν.
575 2780 642 2843 Ubi
653 2784 688 2852 εἰς
700 2779 815 2865 ἀμιθμόν
829 2781 959 2864 ponitur
970 2801 1029 2865 pro
1042 2787 1080 2856 εἰς
1095 2783 1189 2867 λόγον.

153 2869 196 2929 Et
212 2869 302 2928 Haer.
318 2866 463 2928 Manich.
476 2887 505 2928 c.
517 2885 546 2943 9.
579 2868 687 2950 Quare
703 2865 823 2928 fallitur
838 2866 1012 2930 Salmasius
1027 2867 1059 2930 in
1077 2868 1136 2932 lib.
1151 2869 1189 2933 de

154 2953 241 3015 annis
256 2951 405 3014 Climaet.
418 2974 449 3036 p.
463 2964 532 3024 577.
560 2952 676 3036 Neque
690 2952 774 3014 enim
789 2951 895 3014 Graeci
909 2955 1028 3036 ςσιχεῖοο
1044 2976 1188 3039 unquam

154 3037 300 3102 dixerunt
315 3037 487 3120 imaginem
503 3048 559 3099 aut
573 3036 719 3121 figuram.
755 3037 882 3120 Septem
901 3059 1031 3124 quoque
1045 3039 1190 3124 planetas

153 3124 261 3203 ¹Graeci
277 3127 398 3207 ςοιχεῖα,
413 3123 526 3190 Latini.
535 3122 702 3185 Elementa
721 3121 881 3185 interdum
898 3137 1022 3187 vocant.
1068 3125 1188 3189 Hiero-

153 3205 270 3298 hynrus
285 3209 316 3273 in
333 3208 435 3292 Epist.
452 3208 493 3273 ad
515 3205 699 3304 Hedybiam
715 3208 891 3294 quaestione
905 3222 934 3271 4.
957 3208 1055 3272 omnis
1080 3209 1191 3274 hebdo-

153 3297 246 3359 moda
273 3296 305 3359 iu
329 3292 510 3372 Sabbatum,
532 3304 562 3357 et
586 3315 617 3355 m
637 3293 783 3376 primam,
807 3304 836 3356 el
859 3293 891 3356 in
912 3295 1089 3374 secundom,
1111 3309 1141 3360 et
1159 3312 1190 3361 3.

154 3392 183 3445 et
198 3395 227 3446 4.
245 3392 274 3444 et
290 3397 319 3442 5.
335 3391 364 3443 et
379 3391 498 3444 sextam
514 3378 641 3443 Sublati
656 3379 815 3442 dividitur.
839 3402 916 3464 quas
936 3379 1067 3443 Ethnicz'
1089 3382 1160 3446 Idci
1178 3421 1192 3431 -

154 3489 223 3530 νιιινι
238 3476 268 3530 et
284 3465 515 3529 Elementorum
530 3464 702 3528 natatilibus
721 3464 893 3549 appellant.
932 3465 1050 3553 Chrys.
1067 3467 1101 3529 in
1118 3469 1192 3533 Ho-

153 3552 221 3615 mil.
234 3566 283 3615 58.
299 3552 331 3614 in
347 3553 468 3615 Matth.
485 3557 496 3613 ὁ
511 3556 553 3635 pal
585 3550 687 3632 δαίμων
703 3552 744 3612 ἐπὶ
760 3549 871 3636 διαέολῇ
884 3559 931 3614 τοῦ
947 3551 1069 3637 ςοιχείον
1087 3555 1110 3640 ’lt
1130 3558 1191 3616 ἔτι·

152 3638 260 3715 τίθεται
272 3641 328 3711 τοῖς
342 3641 440 3700 ἁλοῦσι
457 3638 504 3700 καὶ
519 3641 621 3715 ἁνιησιν
637 3638 734 3709 αὐτοὺς
752 3640 827 3698 κατοὶ
847 3638 906 3711 τοὺς
926 3643 972 3713 τῆς
992 3639 1106 3715 σελήνης
1128 3640 1190 3726 hpa‘-

153 3750 229 3805 μους.
266 3725 338 3786 Nec
362 3723 453 3786 aliter
478 3723 575 3786 sumit
599 3722 661 3785 hoe
689 3744 805 3785 nomen
829 3723 966 3808 Gregor.
988 3725 1133 3810 Nyssen.
1158 3726 1192 3788 in

152 3811 225 3875 libr.
244 3809 284 3871 de
302 3809 364 3872 vita
386 3809 510 3871 Sanctae
530 3809 696 3885 Macrinae,
712 3807 768 3871 ubi
791 3808 835 3871 ait
856 3821 976 3872 tantam
995 3830 1063 3872 esse
1089 3812 1193 3876 auda·

153 3897 236 3960 clam
252 3895 423 3980 pictorum,
440 3897 474 3968 ὠς
488 3895 510 3978 ’h
525 3898 613 3956 αὐτῶν
627 3900 681 3956 τῶν
695 3894 822 3978 ςοιχείων
836 3898 885 3968 τοὶς
900 3895 1001 3968 εἰκόνας
1017 3897 1060 3956 διαὶ
1075 3903 1126 3972 τῆς
1140 3924 1192 3979 μι-

152 3984 260 4066 μήσεως
271 3984 464 4057 &lareribus
480 3982 686 4044 Vausslus.
710 3981 758 4044 Ut
769 3993 851 4044 astra
865 3993 950 4043 reete
961 3979 1114 4045 dicuntur
1129 4008 1191 4056 ςοι-

150 4073 232 4155 χεῖα,
255 4069 309 4130 ἀπὸ
332 4073 380 4128 τοῦ
404 4070 519 4151 ςοιχεῖν,
545 4065 619 4150 quia
641 4064 803 4128 ordinatas
828 4065 976 4150 periodos
1001 4066 1193 4147 decurrunt,

153 4158 198 4219 sie
217 4153 323 4217 minus
342 4151 513 4215 commode
534 4151 638 4214 vocari
656 4150 802 4214 videntur
819 4149 980 4228 elemento,
995 4152 1056 4215 nisi
1070 4153 1194 4219 dixeris

152 4243 198 4305 ita
212 4238 368 4303 mundum
384 4251 531 4302 constare
552 4237 684 4301 orbibus
704 4237 898 4314 coelestibuS,
913 4251 950 4302 ut
963 4238 1079 4303 litteris
1096 4262 1193 4305 voca-
