2716 4748
235 283 284 375 “⁴⁸
471 284 780 380 scripura
806 286 1016 373 sacra..
1056 310 1062 349 :
1109 332 1112 337 .

233 459 300 527 erit
318 458 351 525 in
367 459 503 548 judicio,
515 482 615 550 quam
633 462 753 530 civitati
766 464 818 530 illi
837 486 911 553 quae
931 484 997 529 non
1014 460 1278 552 recepitecrmo·

222 566 294 645 ,nes
307 569 538 659 discipulorum
553 571 635 661 ejus.

274 793 442 868 'Quanquam
458 788 647 864 iraterjaceatia
661 790 752 861 vada
765 792 801 850 de
812 793 907 870 quillus
919 794 998 853 modo
1011 795 1078 862 diri,
1092 787 1211 867 cludam
1216 794 1276 872 fn·

230 896 288 956 isse
300 898 453 973 Presbyteri
465 898 541 956 laad
552 898 697 976 praefracte
708 902 871 974 nagnam
886 918 920 958 ea
935 908 1026 963 tamer
1039 908 1171 976 tanquam
1183 903 1276 965 assu
1290 950 1292 955 .

226 1011 311 1062 certa
322 1006 432 1062 seorsim
445 1004 488 1061 liic
501 1005 659 1063 codccaada
671 1008 770 1064 censui,
1199 1071 1202 1074 ,
1261 1052 1264 1059 .
1282 1016 1300 1071 5

273 1109 357 1184 (Sine
364 1107 545 1167 dubitatione
556 1110 655 1185 igitur,
664 1119 694 1167 et
704 1111 765 1168 siue
774 1110 1002 1169 contradictione
1011 1112 1182 1170 ostendente
1190 1111 1275 1191 Apo⁴

236 1213 324 1282 stolo,
333 1233 422 1271 unum
433 1223 462 1271 et
472 1214 603 1271 eumdem
614 1233 676 1272 esse
688 1213 795 1284 Deum,
805 1216 854 1291 qui
865 1224 894 1271 et
905 1214 954 1272 illa
962 1214 1116 1294 judicavit,
1124 1226 1198 1296 etea¹
1207 1236 1274 1295 quap
1334 1258 1337 1265 ·

234 1334 313 1376 nunc
326 1326 404 1387 suut,
417 1319 550 1396 exquirit,
563 1328 592 1376 et
605 1338 735 1377 caussam
748 1318 946 1398 descriptionis
960 1339 1060 1378 eorum
1071 1321 1275 1400 demonstranff

235 1429 277 1492 te,
287 1423 398 1481 indocti
408 1431 439 1480 et
451 1423 584 1492 audaces,
595 1424 688 1481 adhuc
702 1425 788 1482 etiam
802 1424 994 1503 imprudentes
1010 1426 1195 1483 inveniuntur
1208 1444 1275 1485 om·
1301 1470 1307 1477 .

235 1547 298 1597 nes,
308 1529 357 1606 qui
367 1538 484 1608 propter
490 1530 746 1607 transgressionem
755 1548 864 1598 eorum,
873 1531 922 1606 qui
931 1529 1000 1586 olim
1007 1529 1133 1599 fuerunt,
1142 1539 1173 1588 et
1183 1549 1273 1611 prop·
1284 1545 1323 1597 ιο

234 1643 280 1693 tcr
289 1633 477 1713 plurimorum
488 1634 597 1692 indicto
608 1634 792 1701 audientiam,
802 1633 923 1691 alterum
934 1633 1048 1710 quidem
1061 1634 1143 1693 aiunt
1154 1633 1274 1693 illorum

233 1739 323 1799 fuisse
332 1738 470 1807 Deum,ct
480 1739 556 1795 hunc
568 1758 628 1796 esse
639 1738 737 1795 mundi
748 1737 961 1805 fabricatorem,
973 1748 1003 1794 et
1014 1756 1075 1795 esse
1083 1739 1113 1795 in
1122 1725 1273 1797 diminuti*⁴

234 1865 291 1915 one
297 1869 306 1916 3
323 1844 444 1902 alterum
453 1862 521 1901 vero
533 1844 675 1901 aChristo
686 1842 823 1900 traditum
833 1841 959 1912 Patrem,
970 1852 998 1899 et
1008 1843 1085 1899 hunc
1094 1858 1162 1901 esse
1171 1843 1223 1920 qui
1234 1845 1274 1900 sit

233 1949 271 2008 ab
287 1968 460 2027 unoquoque
475 1966 573 2006 eorum
589 1958 685 2005 mente
704 1957 878 2027 conceptus:
899 1967 959 2005 non
979 1947 1183 2025 intelligentes,
1196 1967 1274 2026 quo·
1303 2022 1307 2027 Ι

231 2055 311 2113 niam
320 2053 557 2132 quemadmodum
566 2054 603 2111 ibi
613 2056 642 2111 ia
648 2053 773 2129 pluribus
782 2071 883 2122 emam,
893 2057 940 2129 qui
947 2053 1274 2128 peccaverant,aonberra
1284 2060 1322 2122 1'5

230 2164 314 2218 sensit
326 2161 421 2227 Deus,
438 2159 478 2216 sic
489 2158 575 2215 ethic
589 2161 698 2216 evocati
708 2159 799 2226 multi,
810 2161 895 2234 pauci
903 2178 966 2216 aero
979 2161 1072 2216 electi:
1085 2158 1273 2235 quemadmo-

232 2265 300 2325 dum
313 2265 354 2323 ibi
367 2263 478 2342 injusti,
489 2273 517 2321 et
531 2262 700 2332 idololatrae,
713 2272 742 2321 et
755 2264 956 2332 fumicatores,
966 2266 1056 2322 vitam
1061 2264 1271 2343 'perdideruntj

232 2371 273 2428 sic
285 2370 386 2428 ethic:
401 2378 430 2426 et
439 2368 569 2427 Domino
580 2369 693 2446 quidem
701 2370 884 2447 praedicaute,
895 2371 925 2426 in
937 2371 1033 2445 ignem
1044 2378 1180 2426 aternum
1192 2370 1274 2428 mitti

231 2476 315 2544 tales,
330 2485 359 2532 et
372 2474 515 2554 Apostolo
529 2475 641 2531 dicente
655 2497 661 2529 :
676 2476 740 2531 ¹An
755 2477 896 2549 ignoratis,
911 2477 1037 2550 wadiam
1051 2472 1146 2546 injusti
1157 2493 1273 2550 reguum

231 2583 290 2641 Dei
313 2601 367 2639 aaa
388 2582 608 2639 hareditabnnt?
636 2581 730 2637 Nolite
750 2582 851 2647 seduci,
870 2599 954 2656 acque
969 2580 1164 2657 fornicatores,
1185 2574 1324 2656 aeqrtezo

230 2689 394 2753 idololatres,
409 2675 494 2762 aeque
506 2688 735 2761 adulteriumne
752 2687 853 2752 molles,
867 2703 952 2760 aequa
971 2686 1151 2742 menmium
1171 2690 1271 2744 conau-

230 2793 338 2858 bitores,
363 2809 449 2866 neque
469 2790 560 2868 fures,
580 2809 665 2865 aeque
685 2793 773 2856 anari,
792 2809 878 2864 aeque
898 2790 1003 2858 ebriosi,
1024 2809 1110 2866 aeque
1128 2793 1271 2858 maledici,

230 2915 315 2972 aeqroe
327 2903 459 2971 raptores,
474 2913 587 2968 regnam
600 2895 659 2951 Dei
668 2895 848 2970 possidebant.
890 2894 931 2952 Et
944 2897 1080 2971 quoniam
1094 2912 1153 2952 non
1167 2895 1205 2951 ad
1219 2915 1270 2952 eos

230 3003 281 3078 qni
297 3011 382 3058 extra·
399 3009 465 3057 suut
483 2999 539 3056 hoc
560 3000 640 3067 dicit,
655 2999 704 3056 sed
725 3000 760 3057 ad
780 3019 844 3067 noa,
859 3019 896 3056 ne
908 2998 1094 3078 projiciamur
1107 3008 1189 3056 extra
1201 3018 1271 3076 reg·

228 3125 298 3166 num
313 3106 381 3174 Dei,
395 3105 453 3162 talc
466 3103 573 3181 aliquid
586 3114 748 3183 operantes,
763 3104 880 3162 intulit:
901 3107 960 3163 lEt
973 3105 1029 3163 lsaec
1041 3107 1149 3180 quidem
1153 3104 1255 3183 fuistis
1259 3133 1270 3177 ,-
1279 3119 1320 3171 25

228 3216 276 3272 sed
295 3214 383 3270 abluti
401 3215 472 3278 estis,
486 3213 533 3268 sed
544 3213 707 3288 sanctificati
718 3213 781 3267 estis
793 3213 821 3266 ia
834 3213 941 3268 stamine
952 3212 1068 3268 Domini
1075 3210 1143 3270 Jesu
1154 3211 1269 3281 Christi,

227 3328 258 3378 et
271 3322 300 3375 ia
310 3319 419 3393 Spiritu
431 3319 489 3374 Dei
501 3318 594 3373 aneni.
616 3315 657 3372 Et
670 3315 909 3391 quemadmodum
920 3313 979 3371 illic
990 3313 1269 3385 condemnabantur,

229 3435 260 3482 et
268 3422 495 3502 projiciebantur
507 3423 537 3478 hi
551 3423 600 3499 qui
611 3420 684 3477 male
695 3419 899 3498 operabantur,
912 3428 941 3476 et
952 3419 1077 3497 reliquos
1092 3421 1270 3478 extermina·

228 3528 322 3599 bant;
345 3527 476 3583 similiter
496 3541 526 3582 et
544 3526 593 3581 hic
613 3523 712 3581 oculus
734 3543 848 3601 quoque
867 3523 1001 3582 effoditur
1014 3523 1225 3593 scandalizans,
1240 3535 1270 3583 et

229 3653 290 3713 pes,
306 3643 335 3689 et
348 3649 460 3698 manus,
474 3649 511 3686 ne
524 3629 664 3706 reliquum
677 3647 780 3706 corpus
801 3629 908 3705 pariter
925 3637 1033 3706 pereat.
1073 3628 1115 3685 Et
1126 3628 1269 3686 habemus
1278 3645 1324 3698 30

227 3748 421 3819 preceptum:
449 3746 463 3774 ²
475 3738 508 3794 Si
528 3740 587 3812 qais
599 3736 695 3812 frater
714 3738 870 3792 nominatur
890 3736 1059 3812 fornicator,
1081 3743 1132 3792 ant
1154 3755 1269 3806 anam,

228 3853 279 3903 aut
292 3845 450 3908 idololatra,
465 3850 515 3898 aut
532 3844 689 3909 maledicus,
703 3847 753 3897 aut
773 3841 899 3906 ebriosas,
913 3848 963 3897 aut
980 3860 1080 3916 rapas,
1094 3860 1156 3899 cum
1174 3840 1269 3915 liujus-

227 3952 303 4009 nrodi
321 3968 370 4007 aec
392 3948 480 4005 cibum
502 3965 613 4004 suniae.
654 3946 695 4004 Et
710 3946 814 4002 iterum
835 3946 876 4002 ait
894 3945 1070 4024 Apostolus:
1094 3947 1209 4006 ⁸Nemo
1222 3968 1270 4031 cop

354 4144 553 4191 anrat.xx.1s.
650 4140 894 4196 ¹1Cor.ri.o,ro.
991 4141 1135 4192 albidis.

351 4221 551 4283 moedau.
646 4230 875 4294 ²Ephes.v·6,7.
