2716 4748
273 248 336 333 176
432 240 452 291 -·
610 240 972 313 annotanonss
1046 238 1067 291 -’

270 439 370 498 ωομεν,
386 413 587 481 firmantibus
612 414 741 481 Gruteri
758 416 861 480 Lactt.
879 430 914 481 at
935 438 978 481 ue
997 414 1185 501 Nicephoru-
1230 416 1308 483 Prn-

270 512 359 565 terea
373 498 492 648 ipseper
507 500 669 565 habebant
682 500 768 565 codd.
780 502 875 566 Mna.
930 500 978 565 ed.
990 500 1100 566 street.
1117 512 1204 565 teste
1216 502 1310 567 Vale·

272 585 333 663 sio,
348 604 385 649 so
399 606 437 649 us
450 584 515 648 cod.
529 584 646 673 Regias
659 584 864 671 ἅνεγνῶκαμιν.
895 586 1014 673 Margo
1028 596 1141 651 autem
1153 584 1310 651 erbrt

271 668 459 755 exemplaris
469 670 632 755 edSteplt.
642 669 770 735 adedit.
781 670 902 735 Reodin
929 670 938 685 ⁰
960 670 1144 735 naecslcem
1156 668 1309 755 helym

316 756 350 818 Ρ.
368 761 433 819 168.
448 754 470 819 l.
485 766 516 830 7.
536 754 568 831 ἢν
587 754 694 839 ἕξομεν]
710 754 741 833 ἣν
763 754 865 841 ἔχομεν
885 692 1063 840 caleph.
1083 754 1192 819 ΜΗ.
1206 752 1309 833 ,ἦνκαὶ

271 838 365 921 ἶξομεν
381 838 511 923 Naceplt.
535 840 705 904 Srnorn.

314 923 398 987 lbid.
420 923 450 1001 ἣν
465 924 559 1007 ἕξομεν
572 924 618 987 ἀεί
627 950 694 989 ποτε
709 922 944 1009 ἀναγινώσκοντες
956 926 1147 1003 sumtum,
1157 924 1196 997 de
1207 922 1257 987 ul
1267 924 1312 1001 rit

268 1007 426 1096 προτέραν]
445 1008 532 1073 Cum
547 1008 659 1095 Steph.
675 1008 873 1095 Lemoynius
894 1008 1017 1074 videret
1035 1006 1221 1073 Eusebium
1239 1004 1311 1073 aiibi

270 1093 398 1157 unicam
412 1092 590 1158 Clementis
602 1094 771 1179 epistolam
787 1114 805 1157 a
853 1114 975 1173 escere,
989 1090 1241 1181 unicamigitur
1252 1090 1311 1157 hoc

270 1176 347 1243 loco
362 1179 535 1243 memorari
544 1180 620 1265 jure
634 1178 795 1243 censebat.
855 1195 919 1243 unc
930 1192 1040 1243 tamen
1050 1178 1178 1257 locum,
1189 1174 1310 1257 ait,viri

269 1262 450 1327 doctissimi
464 1276 582 1351 urgent
597 1262 732 1328 adduas
747 1261 910 1327 Clementi
923 1284 941 1327 e
965 1260 1076 1329 istolas
1087 1260 1309 1349 ascribendam

271 1346 350 1411 dum
372 1347 440 1433 ipse
458 1360 563 1435 putat,
578 1362 705 1413 tantum
721 1346 815 1411 unius
830 1284 987 1432 epistoia’e,
1001 1346 1133 1411 exclusa
1146 1346 1250 1411 etiam
1263 1342 1310 1411 ilh

272 1432 404 1511 Soteris,
420 1434 487 1498 fieri
507 1434 715 1511 mentionem,
730 1432 824 1496 etsie
840 1432 932 1519 legit,
946 1432 1144 1515 ἁνεγνῶκοιμιν
1157 1436 1210 1509 τὴν
1225 1434 1310 1503 lxm·

270 1522 321 1595 λῆν
335 1516 365 1594 ἣν
381 1516 473 1599 ἕξομεν
488 1517 535 1581 ἀεί
545 1544 612 1583 sort
626 1516 860 1602 &supermanante
874 1520 1062 1596 νοοθντοῖθον,
1077 1518 1113 1591 ὤς
1129 1516 1180 1581 tud
1194 1516 1229 1581 ri
1241 1512 1310 1603 cpl-

270 1628 345 1690 rtpor
359 1609 422 1685 ἡμῖν
438 1606 482 1666 θοοὶ
496 1606 657 1687 Κλήμεντος
672 1605 839 1689 γραφεῖσαν.
886 1600 1035 1689 Legimus
1048 1599 1220 1686 epistolam
1236 1600 1309 1685 [vtt-

272 1693 382 1775 tram],
397 1710 492 1775 quom
508 1704 627 1775 semper
646 1686 778 1775 legimus
800 1686 843 1750 ed
863 1684 1096 1751 instructionem
1114 1695 1148 1749 et
1165 1684 1310 1749 solatium

269 1782 421 1849 ttostrmn,
437 1784 588 1859 tanquam
607 1772 650 1836 ad
666 1794 720 1836 nos
736 1785 795 1855 per
810 1770 999 1837 Clementem
1017 1768 1092 1835 olim
1111 1768 1310 1855 scriptam-rt

270 1855 469 1919 destinatam.
519 1857 658 1921 Addidit
681 1857 767 1919 enim
791 1856 838 1920 vir
861 1854 903 1920 cl.
926 1876 960 1920 se
984 1876 1051 1919 non
1070 1852 1194 1934 videre,
1216 1872 1309 1942 quaro

270 1939 431 2003 celebrem
452 1941 548 2005 istam
570 1940 739 2026 epistolam
762 1940 916 2005 Romanis
935 1938 1101 2005 tribuisset
1121 1937 1309 2027 Dionyuu,

270 2044 366 2110 quam
383 2025 495 2110 utique
508 2026 677 2089 constabat
690 2047 710 2087 a
725 2024 894 2089 Clemente
912 2034 1088 2102 exaratam,
1102 2034 1138 2087 et
1151 2021 1242 2089 illius
1255 2044 1309 2087 no-

269 2108 357 2171 mine
371 2108 492 2195 ubique
506 2109 572 2195 legi
587 2123 621 2173 et
634 2108 736 2175 citari.
758 2109 842 2174 Vide
854 2110 961 2174 Notas
972 2108 1043 2195 ejus
1056 2108 1091 2175 in
1105 2104 1205 2179 Vatia
1217 2106 1310 2173 Sacra

269 2215 328 2257 sua
340 2215 373 2279 p.
388 2200 474 2269 1067.
519 2194 582 2258 Sed
603 2215 676 2258 mea
693 2193 824 2280 quidem
844 2192 1002 2259 sententia
1023 2190 1104 2257 nihil
1117 2206 1169 2257 est
1183 2202 1309 2257 mutan-

269 2276 371 2355 dum3
394 2290 482 2343 recte
499 2279 586 2343 enim
608 2280 773 2343 confertur
794 2278 954 2363 posterior
975 2278 1046 2342 haec
1067 2276 1193 2342 Soteris
1215 2288 1308 2363 atque

271 2364 490 2427 Romanorum
505 2364 642 2449 epistola
655 2386 730 2427 cum
767 2362 842 2426 riori
854 2363 909 2427 illa
924 2362 1113 2440 Clementis,
1125 2382 1226 2447 quam
1240 2359 1307 2449 qui-

268 2447 342 2512 dem
366 2450 496 2512 nomine
518 2451 671 2513 Romanae
696 2385 839 2511 ecciesiae
862 2447 1016 2515 dictatam
1038 2446 1150 2523 fuisse,
1176 2459 1250 2511 tum
1272 2464 1309 2511 ex

269 2533 475 2620 inscriptione
491 2533 601 2619 ipsius,
612 2548 681 2597 tum
694 2554 733 2596 ex
744 2532 845 2595 verbis
862 2530 985 2610 lreuaei,
998 2531 1040 2596 ab
1051 2530 1197 2594 Eusebio
1213 2529 1270 2595 lib.
1280 2553 1308 2595 v.

269 2617 358 2682 Hist.
374 2641 403 2682 c.
417 2626 447 2682 6.
460 2618 574 2697 allatis,
590 2617 717 2681 abunde
732 2631 841 2701 patet3
863 2618 930 2680 'Fari
945 2614 1019 2679 mira
1040 2613 1072 2677 ἒν
1092 2620 1130 2677 τῦ
1149 2615 1309 2697 Κλήμεντος

268 2702 378 2776 scineae
397 2707 445 2766 οὐκ
466 2702 561 2785 ὀλίγης
581 2706 636 2776 τοῖς
662 2706 688 2765 ἓν
711 2701 838 2789 Κορίνθῳ
859 2700 1003 2786 γενομένης
1024 2703 1161 2782 ἀδελφοῖς,
1176 2699 1309 2771 bisalta

268 2790 327 2863 {pir
339 2787 430 2872 Ῥώμῃ
445 2786 582 2862 ἐκκλησία
598 2787 768 2862 ἱκανωτάτην
781 2791 888 2873 γραφὴν
902 2788 957 2860 τοῖς
972 2782 1127 2872 Κορινθίοις
1143 2784 1206 2848 dte.
1234 2782 1307 2849 Vid.

269 2881 303 2932 et
316 2869 373 2933 lib.
386 2871 429 2933 iii.
445 2870 533 2933 Hist.
549 2869 661 2933 Enselr.
677 2892 748 2955 cap.
766 2878 814 2934 16.
831 2884 866 2936 et
878 2884 929 2935 38.
974 2871 1073 2934 Porro
1096 2891 1117 2933 a
1139 2866 1310 2933 Clemente

268 2953 362 3018 Alex.
381 2954 452 3019 haec
474 2954 560 3018 dicta
581 2967 631 3018 est
652 2956 860 3019 Rornanorum
883 2954 1020 3041 epistola
1043 2953 1085 3017 ad
1107 2952 1307 3017 Corinthios.

270 3038 384 3102 Strom.
400 3064 428 3103 v.
448 3055 493 3102 12.
509 3061 541 3124 p.
554 3047 623 3119 693.
640 3039 691 3103 ed.
708 3040 838 3103 Potteri.

314 3124 478 3189 Caeterum
496 3124 587 3189 verba
601 3147 685 3188 nunc
701 3123 896 3210 subjungam
912 3122 1078 3202 Halloixii,
1089 3120 1176 3187 male
1190 3133 1309 3200 tamen,

268 3222 307 3274 ut
321 3211 445 3295 opinor,
459 3210 537 3274 duas
555 3209 721 3274 Clementis
735 3208 885 3294 epistolas
902 3229 942 3270 ex
959 3206 1048 3271 Dion
1073 3205 1111 3271 sii
1125 3205 1309 3272 loco-colli·

269 3298 385 3379 gentis.
414 3302 436 3334 “
453 3295 578 3360 Iudicat
592 3295 645 3359 hic
658 3293 837 3378 Dionysius
853 3291 933 3355 duas
944 3291 977 3354 in
992 3230 1130 3355 ecciesia
1145 3290 1311 3355 Corinthi-

268 3385 291 3459 ‘.‘
306 3402 399 3442 orum
413 3379 512 3443 lectas
528 3392 598 3443 tum
612 3379 763 3464 epistolas
778 3398 980 3440 summorum
996 3375 1201 3461 pontificum,
1212 3388 1311 3439 unam‘

269 3466 292 3503 “
310 3462 499 3542 Clementis,
523 3485 659 3549 eamque
683 3463 821 3548 priorem
851 3460 892 3524 ad
920 3460 1009 3545 ipsos
1037 3460 1196 3539 missam3
1233 3459 1310 3524 duas

270 3549 292 3586 “
307 3548 392 3611 enim
417 3547 514 3626 misit,
537 3562 574 3611 ut
593 3548 668 3610 hinc
691 3546 866 3631 colligitur,
889 3554 923 3608 et
944 3567 984 3607 ex
1005 3544 1076 3609 aliis
1098 3543 1310 3620 auctoribus;

270 3638 292 3670 ‘⁶
309 3633 441 3695 alteram
464 3632 597 3709 SoteriS,
620 3654 714 3718 quam
738 3630 818 3694 dicit
835 3629 1046 3694 institutionis
1068 3628 1143 3692 loco
1164 3627 1198 3691 in
1221 3648 1311 3692 com·

270 3720 404 3781 “mune
431 3716 552 3781 lectum
578 3717 627 3781 iri.
672 3715 827 3779 Solebant
848 3713 960 3799 igitur,
982 3726 1020 3778 ut
1043 3712 1091 3777 vel
1114 3711 1191 3776 hinc
1213 3732 1312 3799 appa-

270 3804 294 3838 “
309 3813 367 3876 ret,
393 3801 502 3885 episco
526 3803 546 3878 i,
571 3823 646 3864 cum
669 3801 793 3886 aliquas
816 3821 835 3862 a
858 3798 992 3862 summis
1038 3795 1236 3876 ontificibus,
1256 3806 1311 3860 aut

270 3891 292 3925 ‘¹
307 3886 348 3947 ab
363 3886 432 3948 aliis
446 3823 649 3949 ecciesiarum
670 3883 858 3969 praesidibus
872 3904 991 3967 magna
1027 3881 1152 3945 octrina
1166 3893 1202 3944 et
1218 3902 1310 3946 sanc·

270 3975 293 4009 ⁴‘
308 3970 400 4032 titate
414 3969 567 4054 praeditis,
583 3969 693 4055 quales
714 3969 747 4032 in
768 3968 879 4054 paucis
903 3966 1050 4051 ignatius
1064 3979 1098 4029 et
1113 3964 1311 4052 polycarpus

269 4060 293 4094 “
304 4053 391 4117 inter
408 4054 488 4117 alios
510 4054 609 4151 fuepe,
624 4053 774 4139 epistolas
796 4065 940 4116 recenter
961 4051 1171 4136 accepissent,
1194 4070 1249 4112 eas
1269 4046 1309 4111 ad

270 4144 292 4177 “
306 4138 420 4226 populi
441 4138 674 4204 institutionem
687 4152 721 4203 et
734 4134 987 4223 consolationem
1001 4134 1185 4205 Dominicis
1199 4133 1310 4201 diebus
